4592 6400
643 822 732 977 'aa
1139 870 1516 961 erzrcouvu

478 1092 706 1263 *vast-a
727 1176 835 1262 urus
860 1172 1159 1281 oppugnarentur.
1185 1088 1555 1260 reiiaec'viri0'eomm
1581 1175 1736 1271 alterum,
1761 1172 1852 1281 quod
1870 1174 1982 1252 Scau·

524 1279 574 1335 Μ
600 1272 626 1337 ¹·
675 1290 766 1365 *clam
789 1300 941 1366 uocant,
972 1286 1228 1362 reaedificarent
1251 1304 1527 1388 occupatumque
1551 1281 1739 1388 praesidio,
1766 1306 1806 1358 ac
1830 1286 1982 1369 Meuue!

663 1418 665 1423 ·
692 1402 768 1471 to'e's
799 1386 984 1465 Medorum
1012 1394 1196 1467 exercitum
1219 1390 1359 1465 alterius
1384 1390 1487 1465 duait.

1292 1648 1301 1667 .
1350 1604 1410 1667 62.
1534 1640 1540 1647 ·

799 1688 1009 1792 Rhodopolis
1035 1686 1111 1764 vrbs
1137 1696 1173 1767 in
1198 1598 1338 1789 planitie
1362 1694 1441 1772 hta,
1466 1694 1644 1792 primaque
1667 1684 1770 1761 obuia
1793 1688 1984 1787 irrumpen-

694 1792 789 1873 tibus
817 1822 856 1865 cx
883 1794 993 1867 Iberia
1023 1794 1056 1865 in
1083 1794 1303 1877 Colchidem,
1341 1796 1432 1869 adiro
1455 1812 1622 1893 captuque
1646 1788 1742 1865 iralde
1767 1790 1871 1863 facilis
1900 1806 1984 1868 erat,

699 1892 940 1985 Quamob'rcm
966 1900 1043 1965 Lazi
1071 1896 1167 1995 illam,
1186 1896 1255 1974 solo
1280 1919 1391 1997 nuper
1412 1908 1649 1995 aequauerant,
1677 1890 1846 1963 Persarum
1861 1892 1987 1979 adueru-

698 2016 772 2073 tum
799 2000 904 2069 veriti.
953 1988 1035 2083 Quo¹
1062 1998 1177 2069 Persae
1204 1993 1987 2090 audito,rectaA1·chae0poliniterinrende-

695 2114 786 2178 runt.
836 2103 1050 2173 Mermerota
1081 2124 1164 2171 vero
1199 2098 1254 2170 vbi
1279 2106 1434 2199 acecpit,
1471 2097 1575 2172 castra
1601 2094 1711 2168 hostes
1743 2112 1888 2169 metatos
1916 2090 1984 2168 elle

697 2204 739 2275 ad
768 2200 859 2274 fluuii
884 2197 1026 2271 Phasidis
1054 2197 1153 2283 ostia,
1186 2225 1229 2272 eo
1254 2203 1413 2299 progredi
1440 2199 1623 2273 constituit:
1661 2200 1786 2299 quippe
1811 2191 1909 2284 satius
1935 2198 1985 2267 vi·

699 2302 840 2377 debatur
867 2298 930 2371 hos
958 2303 1050 2398 prius
1078 2300 1262 2399 profligare
1287 2308 1399 2402 itaque
1423 2304 1567 2375 demum
1580 2302 1818 2401 Archaeopolis
1846 2296 1987 2370 oblidio·

699 2428 783 2481 pern
815 2398 1008 2499 capess'ere3
1047 2426 1092 2473 ue
1124 2402 1182 2503 ipsi
1209 2430 1229 2475 a
1254 2420 1355 2501 tergo
1389 2405 1567 2480 subeuntes
1594 2404 1767 2477 Persarum
1793 2404 1901 2501 copiis
1929 2398 1988 2472 (le-

700 2506 850 2583 uiuenti
876 2503 998 2601 aliquirl
1023 2504 1256 2603 importarent.

811 2611 955 2703 Propter
981 2606 1385 2706 Arelraeopoliamoenia
1411 2606 1595 2687 tranlieua,
1624 2608 1794 2677 Romanos
1818 2599 1913 2702 urhis
1937 2597 1987 2676 in'·

703 2704 794 2781 colas
819 2705 973 2778 salutauit
996 2706 1179 2792 cauillans,
1213 2724 1250 2783 et
1272 2713 1429 2784 iactanter
1454 2710 1688 2791 denuncians,
1714 2708 1859 2779 aunum
1889 2703 1991 2781 cose

704 2808 919 2884 rediturum:
946 2810 1031 2887 velle
1058 2807 1206 2911 seprius
1233 2812 1351 2911 alloqui
1376 2816 1563 2892 Romanos,
1593 2811 1648 2905 qui
1673 2807 1714 2879 ad
1739 2810 1878 2881 fluuium
1906 2806 1991 2877 Pha·

708 2910 758 2985 fin
797 2908 913 2982 statiua
949 2908 1125 2985 haberent.
1176 2918 1275 2985 Tum
1311 2916 1357 2987 illi
1397 2914 1453 2987 suo
1479 2906 1634 3013 responso
1661 2914 1710 2981 ire
1737 2908 1842 3009 iplum
1870 2908 1989 2982 iubent

706 3034 913 3111 quocunque
939 3014 1052 3085 uolet:
1091 3026 1262 3086 caeterum
1296 3011 1487 3103 affirmant,
1520 3017 1690 3115 nunquam
1715 3010 1757 3084 at
1779 3010 1814 3087 t'e
1839 3008 1992 3086 reuersu-

591 3166 593 3171 -
707 3138 797 3197 tum,
823 3112 846 3189 st
871 3117 1103 3195 iii-Romanos
1128 3115 1202 3191 illus
1227 3118 1391 3195 inciderit.
1965 3101 1992 3145 ⁹

1295 3375 1307 3397 .
1357 3329 1421 3401 63.
1523 3367 1526 3372 -
1633 3343 1638 3351 ’

718 3433 723 3442 ·
812 3411 874 3490 pe
899 3412 952 3488 his
976 3407 1137 3490 certiores
1163 3417 1239 3492 faui
1259 3323 1426 3495 ¹eirereitus
1439 3419 1581 3492 Romani
1596 3414 1706 3499 duces,
1733 3411 1996 3512 cohorruerunt*

712 3513 816 3616 leque
848 3521 990 3614 impares
1025 3523 1085 3590 rati
1112 3519 1318 3597 sustinendae
1344 3520 1571 3614 aggressorum
1599 3517 1815 3621 imprelhoni,
1840 3519 1996 3616 scaphis,

714 3643 804 3717 quae
831 3618 959 3718 praello
984 3635 1099 3704 eraut,
1126 3623 1329 3702 cousceuhs,
1356 3625 1499 3697 fluuium
1526 3621 1642 3695 Phasin
1668 3625 1831 3694 traiecere
1857 3641 1995 3698 omnes,

715 3743 817 3800 eum,
844 3721 1000 3819 quidquid
1026 3746 1177 3794 annonae
1204 3723 1262 3796 hbi
1287 3745 1496 3825 comparatae
1522 3725 1667 3798 auehere
1692 3739 1863 3825 poteraut.
1887 3725 1996 3820 impo-

716 3818 851 3895 luilltnt
873 3823 907 3893 in
935 3822 1097 3922 scaphas,
1129 3829 1268 3898 caeteris
1292 3832 1327 3902 iu
1361 3828 1489 3902 flumen
1515 3829 1699 3926 pmicclis,
1727 3853 1772 3898 ne
1797 3823 1909 3898 hostes
1935 3825 1999 3897 illit

717 3923 914 4018 gauderent
953 3923 1034 4010 Quo
1060 3931 1143 3998 cora
1165 3935 1425 4030 omnescopias
1451 3929 1552 4028 paolo
1577 3926 1652 4028 poll
1678 3925 1816 4002 duxisset
1840 3933 1998 4000 Merme·

637 4081 651 4098 ,
718 4035 803 4106 roto,
832 4039 930 4124 atque
958 4025 1099 4099 hostium
1125 4027 1228 4102 castra
1253 4027 1381 4105 vidillet
1406 4035 1534 4130 penitus
1561 4053 1683 4110 uacua,
1709 4055 1783 4102 reru
1809 4033 1922 4127 inhpue
1946 4043 2001 4099 tu·

718 4127 766 4212 lit,
795 4126 903 4200 secum
930 4130 1045 4202 dolens
1070 4153 1110 4200 ac
1135 4132 1290 4228 pendeus
1317 4135 1427 4207 animi.
1456 4133 1603 4206 Subinde
1628 4137 1858 4206 Romanorum
1885 4127 1998 4208 castus

720 4227 856 4304 flamma
883 4231 1011 4312 deletis,
1037 4237 1081 4302 im
1109 4233 1226 4306 ardena
1252 4235 1361 4308 rediit.
1388 4253 1424 4309 et
1450 4239 1562 4334 copias
1589 4236 1834 4332 Archaeopolin
1860 4229 1962 4306 duxit.

828 4335 896 4402 Sita
924 4331 971 4407 est
997 4333 1239 4435 Archaeopolis
1267 4341 1301 4408 in
1326 4337 1410 4410 colle
1436 4337 1621 4436 asperrimo.
1647 4361 1790 4436 eamque
1815 4335 1934 4408 fluuius
1957 4331 2003 4404 al·

722 4427 809 4511 luit,
844 4437 900 4528 qui
934 4461 974 4504 cx
1007 4436 1177 4509 montibus
1211 4437 1284 4509 vrbi
1316 4441 1570 4511 imminentibus
1596 4439 1724 4512 labitur.
1777 4441 1857 4510 Eius
1881 4451 2001 4534 portae

723 4533 902 4607 inferiores
928 4535 966 4608 ad
994 4539 1084 4607 collis
1112 4537 1240 4610 radices
1267 4539 1410 4624 ductrut,
1442 4541 1532 4612 haud
1565 4539 1761 4613 iuacoellae:
1797 4544 1850 4611 via
1874 4538 2003 4630 solum,

725 4658 793 4734 qua
825 4661 861 4711 ea
895 4660 1019 4734 campo
1045 4639 1085 4711 ad
1116 4665 1172 4714 eas
1204 4643 1296 4726 itur,
1334 4667 1402 4714 uon
1430 4644 1528 4741 plana
1554 4639 1612 4715 est.
1661 4643 1857 4740 Superiores
1883 4658 2006 4741 portae

721 4741 834 4810 exitus
863 4738 992 4814 habeut
1016 4743 1214 4844 praecipites
1241 4762 1339 4842 atque
1365 4746 1470 4818 aditus
1498 4741 1725 4819 difficillimos:
1760 4749 1886 4845 quippe
1919 4746 2008 4815 latis·

728 4836 806 4913 hma
832 4841 959 4928 fruteta
977 4845 1150 4925 obiacent.
1197 4851 1245 4923 Et
1266 4851 1423 4950 quoniam
1454 4849 1566 4923 incolis
1591 4849 1675 4924 nihil
1700 4870 1827 4949 aquae,
1861 4847 1919 4922 nih
1946 4844 2010 5019 lip-

1424 4961 1433 4971 ·
1909 4940 2005 5025 aiais'
