4592 6400
706 905 777 983 40
825 906 827 912 “
1177 886 1557 969 LAZICOKVM

566 1044 571 1051 -
2170 1005 2171 1050 i

572 1096 656 1183 Imr-
1197 1114 1227 1165 ¹·
1252 1092 1294 1165 G
1322 1112 1526 1187 ssa-545·

518 1196 853 1271 ararum-rosnae
878 1188 1021 1293 propola
1049 1214 1089 1263 ac
1116 1190 1215 1291 piane
1241 1192 1369 1267 imbelli
1392 1195 1530 1268 homine
1555 1189 1625 1267 asto
1653 1190 1775 1269 beiiieo
1793 1150 2017 1285 viuuseffea

559 1278 661 1339 nol·
723 1291 840 1370 suffixit
865 1300 966 1367 cruci.
1018 1286 1192 1381 Quidam,
1217 1320 1287 1367 non
1312 1295 1596 1376 absentantem,
1621 1297 1675 1371 sed
1699 1296 1813 1385 illum,
1838 1300 1896 1401 qui
1920 1306 2009 1375 arie·

729 1397 880 1477 tantibus
906 1416 1070 1501 praeerat,
1095 1422 1136 1471 ea
1159 1422 1274 1499 poena
1296 1393 1466 1483 affetum,
1491 1399 1636 1503 tradunt.

1319 1661 1329 1678 .
1381 1622 1438 1686 24.

689 1744 692 1751 =
728 1788 733 1797 δ
833 1704 945 1775 Tum.
962 1698 995 1773 se
1029 1697 1194 1775 enormes
1221 1604 1423 1775 eurn50nrni
1447 1702 1598 1774 exercitu
1624 1700 1755 1781 mouit,
1790 1714 1828 1775 et
1849 1702 2008 1803 proxime

644 1802 649 1813 ’
720 1826 841 1879 muros
868 1810 987 1876 Petrae
1013 1802 1114 1877 casira
1140 1820 1299 1896 metatus,
1326 1803 1415 1875 iilam
1441 1800 1660 1878 circumsedit
1711 1800 1850 1877 Postero
1876 1805 2009 1879 diecir·

722 1908 877 1980 cumiens
904 1902 973 2001 ipse
998 1910 1131 1979 moenia
1159 1906 1354 2005 explorauit,
1379 1928 1488 2003 eaque
1512 1904 1602 1978 hauri
1618 1902 1713 1979 adeo
1724 1906 1830 1978 valida
1845 1903 1911 1979 effe
1926 1931 2007 1981 eon·

600 2014 606 2021 '
722 2010 867 2089 iiciens,
906 2030 1102 2103 oppugnare
1129 2006 1310 2081 constituit.
1360 2010 1484 2096 Tum,
1524 2010 1632 2081 accito
1658 2004 1810 2081 rainerio
1834 2012 2009 2095 exercitu.

654 2112 657 2121 ’
724 2134 800 2181 rem
826 2108 1034 2203 aggreditur,
1060 2125 1097 2181 et
1121 2107 1261 2183 nuntios
1288 2110 1323 2181 in
1350 2108 1441 2179 nturi
1468 2111 1584 2202 pinnas
1607 2110 1746 2183 mittere
1760 2106 1890 2204 sagittas
1902 2109 2008 2193 iubete

720 2213 855 2285 Interea
891 2214 1032 2283 Romani
1069 2226 1338 2310 propugnatores
1372 2208 1533 2283 machinis
1569 2232 1610 2281 ae
1640 2210 1807 2283 oriffilibus
1831 2213 2009 2309 utriusque·

722 2314 817 2388 roodi
840 2308 1028 2385 utebantur.
1084 2318 1196 2411 Atque
1221 2316 1316 2386 initio
1340 2310 1477 2405 quidem
1504 2310 1633 2389 tersae,
1659 2314 1813 2411 quamuis
1839 2312 2006 2387 ereberri-

700 2438 778 2491 -ma
804 2414 1062 2493 rennuerent,
1088 2438 1208 2511 parum
1234 2430 1346 2491 tamen
1366 2418 1537 2485 Romanos
1562 2414 1759 2507 laedebant3
1792 2436 1871 2487 eunr
1897 2414 2007 2493 abiis

721 2520 735 2591 i
761 2514 802 2591 ss,
829 2516 955 2615 quippe
982 2516 1121 2613 desuper
1146 2520 1304 2615 appetiti,
1329 2518 1514 2610 grauiffinre
1540 2514 1763 2593 laederentur.
1811 2522 1862 2591 At
1885 2518 2009 2593 deinde

721 2542 757 2715 ἰ
751 2622 909 2689 nimirum
936 2620 1032 2691 Petra
1058 2624 1091 2689 in
1118 2620 1320 2717 potestatem
1346 2618 1501 2693 chosrois
1527 2616 1708 2693 neoeiiario
1738 2633 1882 2693 ventura
1907 2624 2008 2717 erat)

721 2719 798 2794 casu
825 2718 970 2817 quodam
995 2726 1154 2803 [onmes.
1178 2736 1317 2819 accepta
1342 2726 1375 2791 in
1396 2719 1486 2793 coilo
1513 2723 1622 2819 plaga,
1650 2725 1796 2795 interiit:
1822 2719 1911 2793 vnde
1934 2746 2007 2795 cae.

719 2825 805 2895 teris
832 2822 989 2893 Romanis
1014 2822 1162 2917 obrepfit
1187 2824 1312 2893 incuria
1338 2846 1453 2893 rerunt
1478 2828 1639 2895 omniurn·
1690 2830 1764 2900 lam
1787 2847 1855 2897 nox
1870 2824 2008 2922 ingrue-

484 3000 489 3009 ,
625 2938 632 2957 “
721 2922 800 2999 bat:
837 2923 993 3023 quocirua
1018 2922 1150 2997 barbari
1174 2925 1211 2997 io
1234 2921 1339 2997 caiira
1362 2924 1396 2996 se
1421 2940 1640 3026 receperunt.

1318 3183 1327 3202 .
1376 3144 1397 3197 2
1425 3179 1437 3202 ι

829 3219 989 3298 Postridie
1012 3220 1205 3298 ounicniurn
1230 3225 1270 3297 ad
1290 3130 1432 3300 {suroris
1459 3226 1528 3301 iroe
1551 3223 1655 3299 modo
1678 3223 1787 3298 nroiiti
1810 3219 1886 3299 sont
1906 3214 2006 3332 [Per-

720 3315 820 3430 [ιθ]
873 3329 962 3400 Vrbs
990 3333 1086 3400 Petro
1115 3326 1196 3400 hinc
1221 3352 1240 3397 a
1266 3334 1375 3410 meri,
1399 3332 1477 3402 inde
1502 3359 1522 3404 a
1547 3334 1733 3428 praeruptis
1759 3327 1921 3438 scopuiig.
1947 3325 2007 3422 qui

573 3435 576 3442 '
719 3429 869 3526 undique
899 3433 1049 3502 eminent
1073 3432 1189 3523 (vnde
1214 3446 1253 3502 et
1276 3445 1406 3503 nomen·
1424 3432 1483 3530 ipa
1509 3429 1665 3524 obtigit),
1703 3427 1876 3514 inaccessa,
1898 3449 2006 3500 vnum

723 3529 904 3600 admodum
934 3529 1038 3601 habet
1062 3533 1095 3600 in
1119 3534 1221 3629 piano
1248 3533 1384 3616 aditum,
1409 3559 1557 3631 eumque
1581 3529 1670 3604 haud
1693 3535 1738 3606 ita
1752 3534 1875 3604 tatum:
1901 3533 2008 3604 rtrin·

721 3655 790 3728 que
819 3636 910 3702 eninr
936 3635 1091 3726 ingentes
1117 3658 1158 3705 ae
1180 3637 1379 3734 praecipites
1403 3652 1521 3708 cautes
1545 3634 1759 3732 impendent.
1798 3631 1869 3718 Qut
1882 3631 2007 3704 vrbem

722 3727 959 3818 condiderunt,
985 3747 1087 3805 utne
1112 3759 1154 3806 ee
1177 3754 1275 3835 parte
1299 3740 1487 3834 expugnari
1513 3735 1645 3834 poiient
1658 3735 1803 3816 moenia,
1828 3731 2010 3832 prouiden-

571 3861 575 3866 ·
722 3847 792 3922 tes,
819 3833 857 3906 nb
884 3835 983 3908 altera
1008 3859 1124 3907 aarum
1151 3841 1305 3936 rupium,
1332 3864 1419 3934 quae
1445 3839 1546 3911 aditui
1571 3841 1770 3915 imminent,
1797 3861 1910 3907 muros
1935 3835 2009 3906 ion·

721 3959 786 4029 gos
816 3935 856 4007 ad
883 3935 1021 4011 niteram
1055 3936 1246 4011 duxeruntt
1285 3939 1405 4036 quibus
1432 3944 1467 4014 in
1492 3944 1652 4025 extremis
1678 3939 1773 4014 binos
1799 3950 1911 4008 turres
1934 3961 2007 4009 non

723 4036 844 4109 vfitato
868 4063 963 4112 more
988 4037 1279 4134 aedificauerent3
1318 4041 1374 4113 sed
1400 4043 1634 4116 irroratione.
1683 4040 1838 4115 Medium
1865 4037 2008 4112 aedificii

716 4136 863 4236 'spatium
891 4165 959 4212 non
985 4143 1083 4214 inane
1110 4145 1334 4240 reliques-ante
1367 4169 1487 4219 verunt
1513 4171 1533 4217 a
1558 4143 1686 4218 soloin
1711 4139 2008 4234 magnamtititu·

721 4239 837 4312 dinem
869 4254 980 4314 turres
1013 4245 1188 4334 grandium
1215 4243 1362 4317 saxorum
1386 4273 1554 4345 compage
1580 4241 1693 4318 solidas
1720 4244 1930 4320 esurierant,
1968 4253 2008 4312 vt

718 4351 789 4416 'neo
815 4341 918 4416 ariete
953 4367 1017 4416 nec
1046 4345 1110 4420 vlia
1136 4347 1199 4418 elia
1222 4347 1379 4422 machina
1399 4347 1638 4450 quaffirentur.
1665 4343 1841 4421 Eiusmodi
1864 4339 2009 4417 rhoetu-

717 4465 761 4522 ιι
784 4457 857 4515 erat
882 4467 1059 4516 murorum
1088 4453 1215 4523 Petrae.

733 4563 765 4582 ·’
829 4543 944 4618 Persae
972 4562 1084 4617 autern
1110 4551 1197 4620 ciam
1222 4543 1297 4620 aiio
1321 4551 1478 4624 cuniculo
1502 4551 1538 4622 in
1566 4550 1710 4624 turrium
1735 4547 1875 4622 aiteram
1899 4567 2007 4644 pene·

718 4656 867 4732 irarunt,
895 4664 930 4720 et
955 4671 1076 4741 magna
1101 4649 1248 4748 lapidum
1270 4649 1382 4744 egesta
1409 4657 1455 4746 ri,
1482 4678 1597 4726 corum
1621 4652 1697 4726 ioco
1722 4651 1812 4745 ligna
1824 4645 2008 4749 supposue-

718 4753 810 4828 runt,
839 4749 956 4846 quibus
986 4753 1082 4848 panio
1109 4751 1183 4852 post
1209 4758 1322 4844 ignern
1350 4753 1529 4832 subiecere.
1569 4759 1672 4828 Breui
1695 4745 1823 4826 sursum
1849 4773 2009 4850 prorum·

719 4871 805 4956 pens
828 4849 965 4964 flamnra
990 4854 1120 4958 dirupit
1143 4856 1290 4958 lapidum
1317 4855 1437 4947 robur,
1461 4857 1504 4932 ἑο
1526 4860 1649 4934 turrim
1670 4869 1780 4932 totam
1804 4854 2008 5032 concupiens

736 4995 743 5008 ·
800 4998 803 5007 ·
995 4983 998 4991 ’
1931 4975 2007 5030 eto·
