4592 6400
720 960 1101 1047 salamanca.
1352 960 1403 970 “’
1486 986 1558 1055 519

644 1208 650 1227 -.
748 1184 781 1232 {a
814 1166 1074 1249 C··³06.‘³³2⁸

830 1268 865 1353 §.
917 1274 977 1335 26.

381 1358 506 1433 Accitis
534 1370 647 1429 autem
675 1359 783 1453 Gycia
809 1356 937 1433 duobus
965 1388 985 1433 e
1015 1358 1282 1454 consanguineis,
1314 1358 1433 1458 quibua
1458 1366 1565 1441 maxi·

256 1481 331 1531 ‘me
357 1454 493 1538 fidebat,
517 1458 624 1554 inquit
648 1463 695 1531 eis
720 1458 888 1535 seorsum.
924 1456 1058 1541 „abite
1087 1480 1133 1537 et,
1151 1480 1358 1553 congregate
1385 1464 1472 1563 apud
1496 1488 1561 1537 voe

259 1560 465 1633 ¹clanculum
503 1563 666 1657 primores
694 1576 728 1631 et
754 1557 901 1631 nobilca'
924 1558 1036 1646 urbia,
1077 1566 1167 1661 iique
1183 1567 1192 1593 ¹
1211 1560 1335 1653 eligant
1367 1570 1456 1637 uiroc
1489 1580 1559 1637 trra

253 1658 385 1748 ¹fidos,
424 1685 580 1733 arcanum
608 1660 662 1755 qui
686 1656 848 1732 custodire
877 1676 917 1731 et·
936 1686 1010 1735 rem
1039 1686 1161 1753 gerere
1190 1663 1331 1759 possint.
1372 1680 1408 1736 et
1433 1664 1559 1761 quibua

272 1760 485 1834 sacramente
504 1758 536 1831 se
562 1782 680 1830 omnes
709 1756 937 1855 obstringent,
979 1778 1015 1835 vt
1038 1764 1172 1859 plenam
1199 1760 1279 1833 mihi
1308 1760 1408 1836 fidem
1435 1764 1558 1839 saciant

1528 1130 1532 1137 ⁸
1634 1161 1718 1245 Imp.

1572 1258 1767 1311 coneraia.

1575 1346 1689 1399 ‚ortuo
1700 1336 1744 1399 Μ.

271 1864 309 1931 in
335 1864 385 1937 iis,
412 1862 452 1933 de
481 1856 597 1953 quibus
620 1854 704 1957 ipsos
730 1862 985 1953 interrogatum
1003 1862 1082 1937 sum.
1141 1862 1281 1935 Mittunt
1305 1889 1388 1935 vero
1411 1864 1486 1935 ilios
1512 1864 1555 1953 ed
1614 1931 1625 1962 ,

270 1980 330 2030 me
365 1958 564 2033 clanculum.
614 1958 722 2029 habeo
756 1968 846 2037 enim
874 1960 1088 2035 necessarium
1116 1961 1260 2059 aliquid,
1298 1963 1443 2060 vrbique
1469 1962 1549 2036 huic

267 2058 359 2141 vtile,
374 2062 481 2161 quodi
485 2060 548 2161 psrs
564 2063 791 2137 cornnittama
818 2080 948 2139 tautum
960 2081 1121 2139 maturate
1135 2064 1178 2145 id,
1200 2060 1289 2161 quod
1302 2062 1395 2139 vobit
1409 2063 1521 2145 dico„

869 2324 877 2341 ·
929 2286 988 2350 27·

379 2358 633 2437 Discedentibus
661 2366 765 2459 igitur¹
787 2269 975 2465 hospodin
998 2368 1072 2439 'eius
1099 2352 1372 2461 consanguineis,
1404 2390 1481 2437 cum
1506 2360 1555 2439 ilii

268 2460 354 2537 haec
382 2468 466 2537 clam
494 2469 531 2537 ad
559 2470 717 2563 primates
742 2467 936 2550 retulissent,
964 2498 983 2540 e
1009 2466 1144 2561 vestigio
1170 2486 1240 2539 tres
1256 2467 1547 2558 viroselegeruno

270 2590 358 2662 quos
385 2564 466 2637 fidos
496 2562 558 2637 esse
585 2586 827 2659 cognouerant,
861 2567 925 2640 fide
953 2568 1026 2667 ipfis
1055 2594 1131 2643 cum
1159 2572 1347 2639 iuramento
1373 2567 1466 2643 dato,
1502 2590 1555 2637 ro·

256 2682 344 2739 'tum
373 2666 403 2737 se
432 2666 599 2738 habituros
629 2658 884 2769 effediurosq‘ue.
911 2669 1068 2767 quidquid
1099 2692 1178 2743 cum
1193 2672 1301 2764 Gycia
1318 2662 1551 2739 naurieffent.

265 2772 319 2841 Hi
346 2766 400 2841 vbi
426 2770 511 2839 clam
537 2768 576 2837 ad
605 2768 748 2864 Gyciam
776 2764 948 2846 venissent,
983 2770 1036 2839 ilia
1063 2793 1117 2841 eos
1146 2772 1289 2863 excepit,
1314 2768 1549 2857 interrogauit

268 2892 365 2966 qne;
405 2868 521 2965 ecquid
562 2873 761 2963 promittere
802 2894 881 2941 cum
914 2872 1102 2941 iuramento
1129 2866 1285 2963 possent,
1320 2868 1465 2938 facturos
1496 2864 1552 2963 se,

268 2970 429 3067 quidquid
456 2968 691 3043 commisisset!
736 2970 795 3040 iilis
822 2992 903 3041 veto
929 2966 1376 3045 affi1·mantibtu,seomnia
1401 2990 1463 3061 pro
1487 2990 1552 3037 vo·

267 3084 306 3141 to
335 3074 403 3140 eius
431 3069 576 3139 sadiuros
606 3068 695 3148 esse,
716 3068 904 3165 'respondet
930 3072 1061 3167 Gycia:
1099 3069 1250 3149 „Fidem
1277 3068 1377 3144 date,
1405 3066 1440 3134 in
1465 3065 1551 3137 vrbe

267 3196 345 3259 mc,
370 3169 392 3242 fi
418 3172 553 3250 moriar,
586 3168 807 3268 sepeliendam
833 3167 922 3262 effe,
947 3186 983 3242 et
1006 3190 1160 3242 arcanum
1187 3190 1300 3240 meum
1327 3162 1467 3236 narrabo
1491 3189 1550 3238 vo·

269 3271 347 3342 bis:
374 3293 483 3363 neque
510 3293 615 3363 graue
642 3271 699 3348 ess,
726 3271 813 3368 quod
838 3269 1029 3368 postulem*
1075 3267 1179 3354 Quod
1205 3292 1282 3339 cum
1310 3267 1475 3353 audirent,
1507 3268 1551 3337 li·

269 3369 400 3442 benter
425 3393 504 3438 cum
532 3370 741 3443 iureiurando
767 3373 1008 3469 promiserunt,
1036 3373 1070 3440 in
1095 3367 1179 3440 vrbe
1204 3367 1237 3441 se
1263 3391 1364 3456 eam,
1390 3365 1414 3439 fi
1440 3389 1552 3440 more·

269 3487 383 3557 retur,
409 3469 595 3568 sepultores
622 3497 731 3567 neque
756 3491 851 3544 extra
874 3475 1006 3545 moenia
1030 3467 1217 3543 educturos.
1264 3479 1382 3565 Itaque
1402 3467 1552 3564 persuasa

275 3573 403 3666 Gycia,
426 3577 574 3651 „Ninica
599 3574 715 3669 inquit,
743 3597 897 3646 arcanum
923 3573 1029 3646 vobis,
1057 3571 1145 3669 quod
1160 3568 1277 3649 habeo,
1304 3570 1467 3667 aperiam:
1495 3591 1551 3640 ec·

277 3695 338 3748 ce,
381 3675 518 3744 maritus¹
546 3697 642 3744 meus
671 3699 710 3744 ex
736 3678 887 3766 ingenito
915 3669 1063 3746 aduersus
1088 3671 1207 3743 vrbem
1233 3670 1323 3742 itanc
1349 3667 1425 3740 odio
1449 3685 1553 3766 atque

271 3770 393 3842 inuidia
419 3797 481 3867 per
507 3773 619 3843 dolum
646 3773 863 3870 Bosporianos
892 3777 1040 3870 aliquot,
1083 3775 1117 3843 in
1143 3773 1282 3845 domum
1308 3792 1419 3842 meam
1445 3779 1549 3841 Intro·

271 3872 387 3943 druos
412 3895 489 3942 cum
518 3881 615 3944 armis
639 3899 742 3967 usque
771 3877 810 3944 ad
838 3876 996 3946 ducentos
1008 3883 1026 3950 ‚¹
1051 3874 1175 3949 nutrit,
1202 3897 1259 3944 me
1284 3871 1401 3953 inscia;
1425 3894 1545 3942 vetum

270 3997 341 4043 rem
380 3970 471 4040 hanc
508 3995 598 4043 nunc
636 3977 728 4041 Deus
770 3997 829 4060 per
867 3973 1071 4048 occassonem
1105 3973 1187 4044 mihi
1223 3969 1428 4044 manifestam
1451 3969 1545 4043 fecit.

273 4077 355 4144 Hoc
383 4085 494 4142 autem
521 4073 575 4142 ille
603 4069 772 4144 confilium
801 4075 915 4166 agitat,
940 4090 986 4151 vt,
1011 4070 1065 4144 vbi
1092 4077 1125 4144 in
1154 4078 1253 4170 patris
1269 4075 1335 4144 mei
1347 4075 1545 4144 memoriam

273 4174 344 4246 vrbi
374 4195 438 4261 ego
464 4173 598 4269 epuinm
627 4173 778 4254 dedero,v
801 4200 930 4273 vosque
956 4173 1075 4272 epulati
1102 4173 1284 4247 dormitum
1309 4173 1450 4249 inentis,
1478 4172 1547 4270 ipse

274 4272 316 4343 de
342 4273 442 4344 nodie
475 4295 552 4342 cum
586 4270 789 4366 Bosporianis
816 4293 916 4372 atque
942 4271 1126 4345 domesticis
1155 4275 1285 4368 surgat,
1327 4273 1460 4344 aedibus
1486 4296 1544 4343 ve·

274 4369 346 4444 stris
375 4377 488 4464 ignem
515 4376 679 4448 immittat,
704 4371 976 4469 vosque'omnes
1001 4377 1222 4450 contrucidet.
1263 4377 1309 4447 Et
1333 4397 1423 4450 ecce,
1449 4369 1545 4446 instat

275 4499 366 4548 nurac
391 4473 461 4545 dies
490 4471 724 4543 anniuersarias
751 4479 932 4548 memoriae
959 4477 1061 4572 patria
1088 4479 1167 4557 mei,
1196 4489 1400 4572 oportetque
1418 4491 1543 4542 mevo·

277 4572 325 4645 bis
353 4601 393 4647 ex
418 4577 605 4645 iuramento
632 4572 709 4643 darc
738 4597 919 4669 promote
947 4600 1037 4665 meo,
1061 4599 1144 4668 quae
1172 4576 1213 4646 ad
1238 4573 1379 4670 epulum
1399 4565 1543 4642 necessa·

274 4679 346 4782 ¹13,
384 4691 420 4750 et
450 4677 570 4772 omnia,
588 4671 750 4776 praestare
777 4693 888 4775 parata
910 4675 992 4752 sum.
1042 4676 1161 4750 Velitis
1184 4679 1298 4774 itaque
1324 4695 1441 4746 omnes
1465 4669 1542 4742 laeti

1432 4791 1547 4845 mus·

322 4983 371 5084 a)
389 4985 423 5062 ἓν
446 5011 544 5090 praep
580 4985 651 5076 tna
672 4999 824 5068 aeaeae.
