4592 6400
723 948 975 1032 mlvi·
1016 950 1140 1025 Vm.-
1500 964 1569 1027 υς

513 1208 518 1217 ,
1019 1198 1031 1221 ·
1408 1202 1426 1225 ⁴
1642 1144 1669 1213 Ι
1717 1192 1725 1208 ’

268 1273 425 1374 gestum.
472 1268 573 1351 nolle
603 1286 718 1351 autem
743 1154 927 1373 ingriieuctie
944 1168 1181 1371 iiiimormin
1205 1264 1241 1345 se
1266 1291 1347 1345 eum
1369 1266 1475 1373 cupiit
1500 1260 1567 1342 suin
1581 1164 1769 1389 wssffik

269 1382 312 1453 in
337 1378 443 1454 callra
468 1382 610 1483 recepit.

846 1584 879 1675 ,8,
935 1596 1015 1665 107.

281 1770 299 1789 ,
384 1698 544 1780 Poll-ridie
578 1724 657 1775 vero
692 1702 887 1787 Martinus,
925 1726 1006 1773 eum
1042 1698 1176 1773 suorum
1211 1696 1341 1779 animoa
1367 1691 1568 1783 confirmare

268 1802 394 1887 vellet,
421 1802 529 1879 helles
556 1828 634 1875 vero
659 1804 873 1901 percellere,
914 1802 1102 1875 uniuersum
1128 1801 1355 1875 Romanorum
1382 1802 1567 1871 exercitum

272 1905 313 1979 iu
338 1933 442 1983 rnunr
469 1907 592 2001 coegit,
619 1922 778 2005 tanquam
805 1904 848 1979 de
874 1904 1040 2009 praesenti
1065 1924 1183 1977 rerum
1208 1898 1291 1975 ilatu
1316 1900 1567 1975 consulteturur.

389 2066 575 2141 Conlellitn
603 2088 684 2141 roro
712 2066 748 2135 in
776 2064 925 2139 medium
952 2070 1047 2142 verrit
1078 2067 1152 2165 (ita
1176 2069 1265 2138 eninr
1293 2068 1327 2139 id
1351 2068 1420 2167 ipse
1444 2092 1565 2167 procu·

270 2165 386 2265 ranal
411 2175 459 2241 vir
489 2169 620 2266 quidam
648 2190 716 2236 non
742 2168 922 2242 admodum
949 2188 1067 2253 notus,
1092 2170 1235 2264 puluere
1260 2168 1396 2257 obitur,
1421 2168 1563 2268 perinde

273 2290 317 2341 uc
342 2267 367 2341 li
395 2266 473 2343 esset
493 2271 715 2367 longinquum
741 2272 803 2342 iter
828 2268 1003 2345 emensus:
1028 2274 1056 2342 is
1081 2270 1112 2340 se
1138 2284 1298 2341 recenter
1322 2276 1486 2367 Byzantio
1508 2293 1563 2343 ve·

273 2372 351 2442 nire
381 2370 524 2461 dicebat,
551 2374 745 2465 litterasque
772 2372 812 2443 ab
837 2360 1041 2469 imperatore
1066 2370 1211 2443 adferre.
1248 2360 1348 2457 Quas
1374 2394 1453 2444 eum
1467 2396 1563 2470 prae·

272 2468 389 2545 sellus
416 2468 620 2545 libentiffime
648 2470 837 2567 accepisset,
873 2496 914 2543 ac
939 2470 1141 2565 resignasset,
1176 2495 1247 2543 non
1273 2497 1392 2545 ucane
1415 2474 1505 2573 apud
1528 2470 1562 2547 se

273 2574 447 2674 perlegit,
475 2598 587 2671 neque
614 2570 686 2643 solie
714 2576 818 2647 oculis
845 2575 966 2645 oritur
991 2597 1198 2673 percurrens
1225 2574 1259 2642 ln
1285 2580 1399 2646 animo
1423 2574 1482 2646 suo
1507 2598 1561 2647 ea·

274 2698 354 2746 rum
383 2674 544 2747 summanr
572 2670 765 2777 premebat,
807 2674 861 2747 sed
887 2676 949 2747 alta
976 2702 1058 2749 voce
1085 2673 1270 2756 recitabat,
1294 2690 1332 2747 vt
1355 2699 1478 2749 omnes
1504 2700 1559 2747 err·

276 2776 445 2853 audirent,
471 2795 642 2874 ‘quarum
666 2772 791 2845 summa
817 2774 903 2849 haec
927 2792 1012 2857 erat,
1038 2782 1181 2848 Mittere
1205 2777 1440 2872 imperatorem
1458 2779 1559 2851 alium

276 2880 478 2961 exercitum,
505 2896 647 2948 nanneto
674 2876 727 2961 ei,
755 2898 856 2971 quem
882 2880 948 2961 iam
975 2876 1123 2953 haberet
1152 2900 1277 2972 parem,
1302 2903 1374 2949 non
1398 2896 1465 2953 tun
1496 2904 1559 2949 ne·
1676 2903 1678 2908 ·

269 2982 448 3055 celsitatis,
482 3002 584 3075 qnam
609 2973 887 3051 honorificentiae
911 2994 1012 3075 atque
1038 2978 1267 3051 ostentationis
1294 2979 1434 3053 causa’.
1481 2976 1558 3051 Sta·

275 3082 337 3153 tim
363 3082 476 3178 itaque
499 3084 735 3169 interrogatus,
762 3078 897 3151 vtinam
923 3076 1007 3151 ellet
1021 3082 1201 3157 exereitus,
1220 3077 1398 3175 respondit,
1413 3095 1560 3179 quatuor

272 3196 407 3256 tantum
437 3180 572 3253 Perlicis
597 3177 782 3277 parasangis
811 3206 879 3251 non
906 3178 1038 3272 longius
1062 3178 1195 3265 abelle3
1219 3180 1351 3252 resitire
1367 3187 1457 3253 enim
1472 3180 1558 3278 ipioe

275 3289 362 3356 cirea
387 3281 568 3384 Neognuau
595 3282 629 3340 ¹¹)
652 3279 819 3363 fluuium,
857 3279 966 3352 adhuc
999 3280 1043 3352 ibi
1075 3279 1251 3352 stationem
1278 3280 1450 3355 habentes.
1503 3280 1558 3355 lld

274 3385 359 3460 haec
384 3385 550 3457 Martinus
559 3375 576 3461 ,’
606 3379 809 3455 iracundiam
835 3380 1001 3476 qrrandam
1024 3383 1120 3454 rultu
1145 3379 1320 3476 simulans,
1356 3389 1556 3469 „Retroce-

275 3487 365 3564 dant,
390 3487 517 3582 inquit,
546 3507 647 3583 quana
674 3479 846 3559 citissime,
869 3483 1077 3580 domumque
1102 3482 1253 3556 redeant
1305 3519 1349 3542 ·-
1375 3485 1555 3577 lndigouua

278 3593 369 3662 euim
398 3585 456 3666 sit,
482 3587 524 3671 li,
551 3609 631 3658 cum
657 3584 691 3655 hi
717 3587 779 3656 viri
803 3585 994 3658 iamdudum
1020 3585 1118 3658 nobis
1145 3586 1390 3661 commilitones
1416 3588 1554 3678 suerint,

279 3725 325 3748 ι-
351 3697 390 3760 et
412 3690 479 3759 iarn
503 3710 548 3758 eo
573 3709 647 3756 rem
672 3681 882 3769 adduxerint,
909 3700 947 3760 vt
972 3711 1040 3758 nou
1064 3686 1183 3788 procul
1208 3685 1313 3758 abfint
1337 3691 1554 3786 aprnlligan·
1596 3745 1602 3754 .

275 3787 320 3861 do
343 3787 452 3872 holle,
475 3781 734 3884 et'plenillimee
759 3781 918 3858 visseriae
943 3811 1068 3859 corona
1095 3786 1319 3885 adipiscendaa
1344 3789 1389 3860 illi
1407 3791 1480 3890 poll
1494 3817 1553 3866 ne·

274 3888 457 3964 ceffitatem
485 3887 672 3968 aduenient,
697 3901 734 3956 et
756 3889 849 3986 paria
871 3911 951 3958 cum
977 3888 1064 3960 hisce
1077 3891 1225 3988 praemia
1241 3889 1401 3962 auferant.
1425 3929 1470 3950 ι-
1483 3898 1553 3964 An·

274 4015 354 4077 non,
380 3994 497 4089 inquit,
524 3991 625 4060 etiarn
649 3985 756 4064 vobis,
779 3991 840 4061 viri
867 3991 1122 4070 commilitones,
1144 3985 1410 4069 illae-ideonum?
1436 3996 1482 4064 At
1503 3993 1550 4066 illi

275 4091 376 4166 sausla
403 4091 639 4164 acclamatione
666 4085 825 4185 praefatis
849 4091 1047 4166 sententium
1071 4109 1107 4164 vt
1132 4087 1356 4187 aequissimam
1385 4092 1550 4191 approbo·

272 4193 362 4266 iunt.
416 4192 539 4289 ipfiqoe
567 4189 672 4262 multu
697 4187 888 4265 fidentiores
916 4189 990 4265 sunt
1012 4191 1148 4269 redditi,
1174 4195 1315 4289 perinde
1341 4217 1382 4266 aa
1406 4195 1428 4264 si
1455 4195 1549 4268 nullo

272 4295 336 4366 alio
372 4292 510 4366 subluto
547 4292 744 4386 indigerent.
792 4295 976 4390 Praecipue
1011 4319 1092 4366 uero
1117 4292 1203 4391 ipsus
1227 4293 1269 4366 ad
1294 4297 1548 4370 contentionem

271 4395 597 4491 aemulationuuque
623 4394 787 4468 mouebat
809 4391 879 4492 spes
905 4393 1105 4494 spoliorum
1131 4394 1290 4490 quodque
1314 4393 1413 4471 breui
1430 4399 1548 4472 omnia

235 4571 239 4579 ,
272 4495 305 4570 se
330 4499 518 4595 direpturos
543 4491 729 4593 sperabant,
752 4509 870 4591 repnte
895 4493 1041 4572 hostibus
1069 4495 1213 4586 deletiea
1237 4511 1273 4570 et
1296 4493 1546 4572 tremencia
1674 4503 1686 4575 ζ

273 4615 345 4674 erat
369 4621 494 4681 uuae,
521 4617 591 4698 que
614 4595 714 4697 pediu
736 4595 827 4672 inter
851 4593 885 4668 se
909 4599 1069 4698 praedam
1092 4600 1306 4697 perornant.

861 4802 937 4883 Pa
1042 4899 1043 4902 Ἴ
1405 4801 1554 4905 §1080

315 5002 365 5103 ι)
387 4955 537 5089 Nemaea.
564 5009 673 5084 itaet
696 5005 783 5085 uafre
803 4996 970 5086 stribittu.
