4592 6400
745 985 815 1053 ,20
913 924 975 939 ’“
1191 934 1575 1019 sarriente.
1661 1020 1668 1031 ,

595 1171 675 1253 my,
1225 1168 1255 1215 a
1285 1144 1325 1215 C.
1358 1153 1452 1220 306-
1470 1156 1548 1226 ³³7·

541 1266 739 1317 ‘mm‘
756 1304 941 1358 accurrere,
971 1268 1217 1373 pullulareque,
1243 1280 1280 1339 et
1305 1272 1455 1364 accipere
1481 1260 1594 1333 omnia
1619 1252 1783 1331 libenter.
1809 1278 1853 1325 nc
1880 1254 1947 1327 vlle
1970 1254 2028 1329 ille

569 1341 717 1407 'mmm‘
753 1382 852 1483 passo
871 1376 1060 1468 intelligat,
1084 1396 1146 1443 nos
1172 1394 1245 1441 rem
1272 1364 1459 1452 resciuisle,
1486 1376 1523 1432 et
1548 1358 1652 1429 subito
1677 1356 1868 1427 intestinum
1896 1356 2033 1453 aliquod

754 1485 885 1559 bellum
913 1482 1046 1553 oriatur.
1094 1474 1200 1566 Igitur
1226 1468 1386 1565 publice,
1422 1468 1472 1534 vti
1492 1486 1567 1532 rnos
1595 1454 1658 1549 ess,
1686 1455 1823 1555 epulum
1849 1458 2033 1541 celebrate,

752 1586 809 1663 sed
834 1608 911 1655 curn
939 1576 1051 1655 modo.
1077 1592 1112 1647 et
1137 1572 1278 1643 choreas
1304 1572 1339 1639 iu
1364 1569 1481 1663 plateis
1507 1568 1617 1655 agite:
1646 1562 1871 1655 unusquisque
1897 1560 2038 1629 veroin
2143 1651 2144 1654 Ἴ

753 1685 887 1761 nedibus
914 1680 1028 1753 vellris
1054 1691 1191 1774 apparet
1217 1674 1334 1763 ligna,
1358 1666 1494 1742 sarcinas
1520 1688 1559 1733 ac
1584 1658 1698 1730 taedas
1726 1662 1867 1738 solidas,
1892 1677 1954 1749 rt,
1981 1683 2037 1730 me

752 1788 889 1886 epulum
916 1804 956 1853 ac
988 1780 1123 1851 choreis
1151 1770 1384 1851 detretlante,
1422 1766 1462 1841 ad
1486 1766 1633 1863 quietem
1659 1785 1717 1832 vos
1747 1760 1838 1833 abire
1866 1761 2033 1832 existimet
2143 1763 2144 1770 ’

754 1896 818 1965 Me
845 1906 927 1958 vero
955 1883 1049 1953 citius
1075 1878 1168 1949 solito
1195 1874 1422 1955 detretlante,
1448 1890 1486 1938 ac
1511 1867 1602 1939 sores
1627 1886 1720 1933 meas
1746 1864 1895 1933 obserari
1920 1863 2041 1933 iuben·

620 1962 630 1979 Ι
754 2006 805 2071 te,
831 2012 888 2059 vos
914 1978 1087 2053 consestirn
1115 2001 1193 2048 cunr
1222 1975 1328 2046 multo
1354 1971 1480 2043 filontio
1506 1994 1569 2066 per
1594 1964 1735 2035 famulos
1765 1980 1801 2033 et
1827 1963 1957 2034 ancillas
1988 1988 2042 2032 ve·

754 2088 839 2163 siros
867 2112 908 2158 ex
934 2081 1091 2156 ornnibus
1116 2077 1343 2175 undecunque
1369 2070 1507 2143 aedibus
1534 2064 1721 2139 adserentes
1748 2066 1856 2154 ligna,
1896 2066 2041 2136 sarcinas

758 2189 963 2283 taedasque,
989 2183 1029 2252 ad
1055 2185 1166 2251 ianuas
1192 2203 1283 2247 meos
1299 2174 1347 2245 ‘ct
1371 2168 1527 2244 vestibula
1554 2169 1743 2265 apponite,
1780 2169 1886 2235 immo
1910 2169 2040 2235 circum

759 2306 867 2365 totam
895 2286 1035 2356 domurn
1061 2298 1101 2353 et.
1119 2280 1231 2349 oleum
1258 2278 1355 2369 lignis
1376 2270 1549 2348 infundite,
1577 2292 1646 2364 quo
1667 2268 1760 2336 citius
1775 2264 1946 2337 flammam
1962 2290 2042 2337 con·

760 2393 893 2488 cipiant.
948 2389 1036 2455 Cum
1063 2396 1174 2453 autem
1200 2402 1266 2469 ego
1293 2370 1418 2467 egressa
1443 2372 1565 2449 suero,
1599 2367 1759 2462 vobisque
1786 2368 1922 2446 dixero,
1946 2370 2042 2439 ocius
2143 2423 2144 2430 ,

758 2496 877 2583 ignem
905 2488 1048 2560 inlicite,
1090 2504 1129 2551 ac
1157 2504 1232 2549 cunr
1260 2479 1359 2548 armis
1386 2468 1635 2570 circurnfislite,
1663 2484 1721 2545 vt,
1747 2492 1832 2565 quos
1859 2492 1919 2564 per
1944 2468 2043 2540 sene·
2143 2476 2145 2566 J

761 2592 862 2665 slranr
889 2584 1072 2655 exsilientes
1099 2580 1266 2668 videbitis,
1289 2574 1506 2647 interficiatis.
1534 2568 1638 2643 Abire
1662 2570 1779 2661 igitur,
1817 2583 1853 2640 ct
1878 2593 2041 2643 arcanum
2143 2585 2144 2596 ¹

763 2691 832 2769 hoc
858 2700 1000 2767 narrate,
1026 2684 1224 2781 cuntisque,
1249 2702 1333 2777 quae
1358 2672 1440 2759 roffi,
1466 2687 1680 2776 apparate...

1340 2878 1373 2977 §-
1427 2882 1485 2951 ιε.

881 3028 980 3101 Ciues
1006 3045 1090 3095 vero
1115 3018 1172 3093 rbi
1196 3042 1270 3092 rem
1294 3018 1524 3094 intellexitlent
1548 3044 1567 3089 a
1594 3010 1701 3087 tribus
1727 3014 1780 3085 his
1805 3017 1909 3096 viris,
1947 3040 2045 3114 quarn

571 3211 578 3228 x
654 3180 655 3185 κ
706 3162 711 3171 ·
772 3123 920 3204 citissime
946 3128 1058 3196 omnia
1083 3120 1290 3222 peragebant
1315 3146 1355 3193 er
1381 3120 1537 3193 mandato
1565 3120 1707 3212 Gyciae.
1748 3122 1836 3189 Cum
1862 3120 1976 3216 itaque
2000 3124 2045 3190 in·

772 3230 874 3306 {latet
900 3231 970 3302 dies
998 3231 1181 3298 memoriae
1208 3223 1321 3304 sacer,
1358 3241 1394 3296 et
1420 3224 1531 3318 Gycia
1558 3222 1644 3290 laeta
1668 3218 1710 3290 ad
1736 3225 1828 3290 ciues
1855 3220 1946 3291 vrbis
1974 3225 2047 3292 mit·

772 3345 873 3413 teret,
898 3333 1169 3422 hortareturque,
1196 3343 1232 3398 vt
1257 3326 1458 3422 acciperent,
1490 3321 1531 3395 ad
1557 3321 1696 3422 epulum
1724 3345 1808 3416 quae
1826 3324 2047 3417 pertinerent

776 3441 925 3505 accurrit
950 3433 1049 3502 ctiam
1075 3429 1212 3497 maritus
1240 3427 1322 3503 eius,
1350 3443 1385 3498 et
1409 3427 1482 3523 plus
1509 3422 1575 3494 vini
1601 3422 1694 3494 solito
1718 3420 1789 3492 dari
1815 3419 1905 3496 iussit.
1948 3429 2047 3495 Ciues

683 3537 686 3546 “
775 3553 888 3606 nutem
915 3529 1058 3610 libenter
1084 3527 1197 3598 omnin
1224 3528 1452 3623 accipientes,
1492 3523 1735 3621 epulabantur,
1774 3525 1821 3594 vti
1845 3525 1916 3594 iulli
1943 3541 2046 3597 erant.

776 3649 813 3704 et
848 3656 911 3730 per
951 3643 1056 3700 totam
1097 3628 1187 3698 diem
1220 3626 1361 3697 choreas
1395 3622 1581 3718 agitabant:
1620 3623 1673 3696 sed
1698 3628 1878 3716 ingruente
1903 3627 2048 3723 vespera,
2143 3683 2145 3695 a

776 3731 866 3828 quafi
896 3729 986 3826 epuli
1014 3729 1173 3819 longioris
1201 3725 1369 3821 pertaesi,
1392 3727 1533 3798 domum
1559 3726 1592 3797 sc
1620 3722 1708 3796 suam
1735 3729 1881 3820 quicturi
1906 3753 2047 3825 recepe·
2143 3728 2145 3781 ἓ

670 3842 672 3852 ’
776 3849 866 3904 runt.
922 3829 1148 3926 Epulabantur
1176 3845 1287 3898 autern
1314 3852 1376 3922 per
1402 3820 1520 3898 ornnes
1547 3823 1659 3922 passim
1686 3827 1807 3914 aedcs;
1838 3830 1946 3920 Gyoia
1970 3852 2048 3898 vero
2143 3808 2145 3833 Ι

778 3935 814 4005 in
839 3931 902 4004 suis
928 3929 1062 4019 largiter
1087 3945 1204 4022 potare
1230 3926 1426 3996 domesticos
1454 3927 1526 3996 siros
1553 3927 1684 4001 iubens,
1710 3945 1747 3999 vt
1758 3925 1842 3996 ebrii
1869 3928 1942 3998 sosii
1958 3931 2046 4000 eitius
2143 3932 2145 3941 ²

783 4033 932 4104 cub'ituru
959 4027 1170 4102 discederent,
1196 4027 1310 4124 puellis
1336 4044 1466 4098 tanturn
1494 4025 1701 4098 cubiculariis
1728 4027 1906 4098 sobrietate
1923 4031 2046 4104 inditia.

783 4129 905 4224 etipsa
929 4153 1060 4224 quoque
1087 4153 1105 4196 a
1130 4131 1208 4198 rino
1232 4126 1424 4203 abstinebat
1477 4135 1568 4200 Nam
1595 4125 1718 4223 poculo
1744 4153 1914 4223 purpureo
1940 4132 2049 4199 inuen-

767 4246 832 4313 to,
859 4231 990 4327 puellae
1015 4225 1245 4306 cubiculariae,
1271 4251 1356 4323 quae
1381 4232 1507 4321 negotii
1531 4228 1760 4309 consolaretur,
1785 4228 1818 4298 id
1832 4229 1936 4307 dedit,
1961 4233 2050 4299 iusbt·
2143 4248 2144 4265 l

785 4333 913 4428 quein
939 4353 981 4400 eo
1008 4354 1125 4425 aquarn
1156 4328 1214 4403 fibi
1241 4329 1396 4401 miscere:
1440 4328 1630 4424 quodcum
1654 4331 1792 4401 maritus
1819 4331 1890 4402 eius
1915 4330 2052 4411 videret.
2143 4326 2144 4405 l

784 4455 905 4532 aquarn
929 4429 1017 4500 illam
1044 4429 1162 4502 bibere
1188 4455 1258 4504 non
1282 4428 1507 4529 suspicabatur.

892 4571 959 4643 Vbi
985 4588 1093 4644 autem
1121 4573 1186 4642 iarn
1213 4571 1345 4668 vespera
1370 4569 1528 4652 venisset,
1564 4572 1744 4665 ciuesque,
1769 4572 1815 4641 vti
1839 4572 1906 4640 iarn
1931 4569 2051 4641 diuum
2143 4572 2144 4615 l

790 4673 848 4752 est,
874 4671 1029 4772 epulandi
1054 4674 1181 4746 satietas
1207 4669 1354 4767 cepisset,
1382 4675 1492 4768 Gycia
1510 4670 1852 4765 odmarituminquit‚
1879 4669 2052 4768 postquam
2143 4724 2144 4755 a

759 4811 764 4820 ’
787 4774 908 4872 epulati
934 4773 1053 4853 sumus,
1079 4800 1142 4867 ege
1169 4777 1272 4845 etiam
1299 4799 1361 4843 nos
1386 4775 1538 4847 cubitum
1564 4797 1703 4861 caurus3
1729 4797 1831 4866 qrem
1855 4773 1910 4841 ille
1928 4771 2052 4842 sermo·

789 4897 872 4956 nem
896 4871 1003 4952 libens
1029 4877 1166 4956 audiuit,
1189 4889 1225 4948 et
1246 4873 1363 4950 somno
1388 4873 1422 4950 sc
1448 4874 1560 4950 dedit:
1587 4889 1717 4976 ‘neque
1737 4874 1972 4950 enituiniieere
1986 4869 2054 4970 ipse

1672 4991 1680 5030 '-
1991 4973 2055 5046 boe
