4592 6400
629 884 771 973 aa
956 932 963 945 .
1168 868 1550 953 aazreonvu

377 1034 411 1054 Ὀ

570 1080 658 1173 lom.¹

1201 1100 1233 1151 ι·
1258 1080 1299 1153 C·
1328 1096 1526 1171 tao-545·

431 1302 432 1305 ,
515 1184 598 1240 ava*
609 1188 702 1237 ¹N1A·
822 1192 938 1273 Postea
962 1221 1045 1273 vero
1072 1222 1174 1300 quam
1202 1204 1359 1296 Gargeni
1384 1202 1512 1275 Iberiae
1538 1198 1610 1293 regi
1635 1188 1712 1289 ιη’
1737 1189 1823 1296 qriae
1848 1196 1883 1268 in
1909 1189 2002 1295 supe·

557 1266 666 1333 ποι,

723 1302 811 1375 aiore
838 1302 922 1375 libro
948 1304 1058 1380 retuli,
1084 1308 1321 1397 contigerunt:
1342 1305 1461 1376 versari
1484 1307 1519 1375 in
1543 1303 1662 1376 Lazica
1686 1322 1834 1398 coepere
1858 1298 2006 1374 Romani

723 1404 857 1479 milites.
884 1408 938 1501 qui
967 1404 1103 1501 quidem
1130 1407 1185 1477 liis
1208 1406 1354 1479 barbaris
1380 1410 1476 1477 oneri
1490 1430 1599 1479 erant.
1624 1402 1676 1473 se'd
1692 1407 1831 1476 maxime
1855 1404 1920 1474 dux
1946 1406 2009 1469 Pe-

722 1522 812 1592 trus,
837 1506 942 1576 homo
968 1510 1001 1575 in
1028 1504 1166 1580 obuium
1193 1530 1363 1605 quemque
1389 1506 1486 1579 sacile
1512 1504 1685 1579 iniuriosus
1696 1498 1748 1577 t),
1781 1542 1823 1559 -
1876 1500 2008 1573 Deinde

722 1608 920 1681 lastinianus
947 1603 1114 1699 augustos
1142 1636 1221 1683 cum
1247 1610 1328 1679 alios
1354 1608 1459 1681 duces
1486 1606 1572 1681 mist
1595 1611 1631 1679 in
1658 1613 1824 1685 Loricam,
1854 1619 1929 1677 tum
1954 1606 2010 1674 Io·

725 1732 850 1781 annam
885 1728 1114 1801 cognomento
1151 1712 1327 1799 Tzibum,
1366 1712 1540 1782 hominem
1574 1709 1713 1781 obscuro
1741 1726 1838 1805 atque
1870 1703 2010 1798 ignobik‘

725 1810 802 1885 loeo
835 1828 951 1883 natum
978 1830 1013 1884 et
1038 1812 1130 1882 ducis
1161 1838 1286 1885 munua
1319 1812 1383 1885 hae
1412 1838 1477 1885 vna
1505 1808 1799 1885 commendatione
1825 1805 2011 1905 adeptum,

727 1910 818 2010 quod
850 1906 946 2011 supra
980 1915 1154 1986 mortales.
1172 1942 1293 1987 omnes
1320 1914 1473 2007 insignite
1496 1914 1671 2013 improbus
1697 1912 1821 1983 nullam
1847 1936 1917 1981 non
1942 1908 2008 1980 cal·

726 2014 816 2087 leret
841 2012 978 2087 iniustae
1005 2024 1166 2113 pecuniae
1192 2022 1291 2089 viam.
1344 2022 1414 2091 Hie
1443 2018 2009 2109 Romanorum'Laaorumqueret

581 2172 596 2187 ,
726 2114 939 2194 labelatlauit
977 2116 1109 2213 prorsus
1129 2130 1184 2189 “ac
1212 2119 1349 2191 miscuit.
1398 2110 1499 2193 ¹Idem
1525 2116 1741 2191 lastinianum
1768 2123 1856 2206 Aug.
1884 2137 2013 2211 perpu-

727 2216 788 2309 lit,
815 2234 852 2291 vt
878 2223 912 2289 in
940 2221 1061 2291 Lazica
1086 2223 1286 2293 maritimam
1311 2218 1454 2305 vrbem,
1479 2223 1535 2294 eui
1560 2245 1688 2292 nomen
1713 2216 1857 2289 inclitum
1880 2220 2010 2295 Petrae,

729 2314 911 2391 conderet:
948 2324 1043 2391 vnde
1082 2338 1250 2419 tanquam
1275 2350 1315 2397 ex
1348 2346 1426 2394 arce
1450 2323 1644 2402 imminens,
1670 2326 1838 2391 Lazarum
1863 2316 2012 2391 fortuna

730 2417 853 2516 agebat
876 2418 1082 2519 ferebatque.
1146 2423 1355 2498 Institoribua
1383 2422 1476 2497 enirn
1500 2448 1566 2496 nee
1591 2424 1648 2513 sal,
1675 2418 1738 2522 nec
1753 2438 1901 2528 caeteras
1925 2420 2012 2491 nier·

731 2546 812 2603 ces,
837 2548 925 2620 quae
948 2528 1046 2595 Lazis
1075 2523 1272 2599 necessariae
1296 2524 1516 2624 videbantur,
1543 2531 1577 2597 in
1604 2524 1801 2597 Colchidem
1827 2520 2012 2605 aduenere,

730 2648 839 2721 neque
870 2626 938 2709 aliia
970 2626 1048 2698 inde
1075 2650 1188 2701 emere
1215 2630 1391 2725 perillum
1419 2627 1549 2705 licebat.
1602 2626 1667 2698 Sed
1693 2628 1812 2697 Petrae
1837 2621 1985 2696 instituto
1997 2666 2014 2708 ,

729 2742 769 2800 vt
793 2744 925 2811 vocant,
952 2733 1171 2827 monopolio,
1202 2730 1271 2827 ipse
1297 2729 1438 2827 propola
1463 2754 1503 2801 ae
1527 2731 1628 2801 totius
1657 2730 1893 2819 negotiationis
1918 2750 2015 2798 cirra-

729 2840 787 2903 tor
813 2846 900 2907 erat,
928 2842 1081 2901 meream
1106 2833 1241 2919 omnia,
1268 2857 1307 2903 ac
1333 2828 1550 2929 postmodum
1575 2856 1645 2904 non
1669 2828 1779 2909 solito,
1804 2826 1860 2899 sed
1888 2841 2016 2924 quanto

725 2944 879 3107 tuterit,
916 2934 1029 3030 pretio
1066 2931 1244 3017 diuendens
1282 2932 1428 3018 Colchis.
1481 2933 1520 3003 ld
1545 2957 1624 3005 vero
1651 2934 1835 3024 grauissime
1859 2928 2020 3008 terebant

760 3030 889 3113 orbari,
929 3033 1020 3134 quod
1055 3038 1227 3110 Romanus
1264 3034 1361 3109 miles
1392 3052 1485 3107 nouo
1514 3057 1613 3109 more
1639 3034 1728 3137 apud
1752 3034 1835 3137 ipsos
1859 3055 2016 3108 commo·

732 3151 875 3212 metus·

1302 3257 1326 3356 §
1390 3277 1449 3336 20.

835 3365 940 3461 Quae
962 3397 1040 3448 cum
1064 3374 1111 3448 illi
1135 3374 1258 3448 <liutius
1284 3379 1426 3450 tolerare
1452 3405 1522 3451 non
1547 3375 1700 3478 posl'ent,
1737 3380 1773 3452 in
1801 3377 1956 3454 Clrosrois
1981 3395 2021 3458 et

732 3471 907 3552 Persarum
934 3475 1037 3550 fidem
1063 3479 1219 3552 conferre
1243 3475 1275 3548 se
1301 3475 1533 3552 decreuerunt.
1568 3483 1648 3552 Sine
1672 3505 1778 3562 mora,
1790 3486 1944 3556 Romanis
1970 3485 2022 3556 in·

706 3579 818 3686 jseiis,
844 3579 985 3670 legatos,
1011 3581 1165 3674 quirem
1192 3577 1386 3672 transigant,
1412 3585 1560 3664 mittunt,
1586 3581 1638 3653 his
1654 3583 1815 3658 mandatis
1832 3581 2022 3665 instrutlos,

734 3697 793 3762 vt,
818 3704 900 3754 cum
926 3705 944 3752 a
972 3679 1120 3754 Chosro'a
1147 3679 1249 3753 fidem
1275 3685 1491 3780 acceperint,
1528 3709 1701 3782 nunquam
1727 3685 1833 3784 ipsum
1861 3692 2021 3760 Romanis

643 3851 644 3854 ,
734 3781 841 3858 Lazos
872 3780 1070 3855 traditurum
1103 3786 1230 3856 inuitos
1241 3832 1254 3866 ,
1294 3787 1437 3883 patriam
1473 3803 1634 3887 repetant
1666 3787 1823 3862 succintli
1848 3789 2022 3864 Persarum
2054 3841 2057 3845 -

717 3943 719 3952 t
737 3883 896 3962 exercito.

834 3987 937 4076 Igitur
962 3982 1018 4056 vbi
1042 3983 1088 4056 illi
1113 4003 1348 4084 peruenerunt
1372 3989 1407 4058 in
1433 3987 1622 4069 Perfidem,
1658 3991 1745 4090 elam
1770 3989 1811 4062 ad
1838 3977 2027 4088 chosroem

735 4085 928 4168 innodasti,
954 4085 1006 4157 his
1034 4086 1105 4158 fere
1131 4087 1243 4160 verbis
1271 4085 1510 4164 disseruerunt:
1538 4142 1560 4176 ,,
1575 4095 1610 4164 Si
1625 4116 1866 4191 quosvnquam
1887 4096 2027 4171 suorum

738 4187 989 4287 quodammodo
1015 4185 1198 4260 desertores
1225 4205 1261 4260 et
1287 4191 1402 4262 alienis
1430 4195 1529 4287 plane
1557 4194 1750 4268 hominibus
1776 4195 1946 4270 deditione
1971 4201 2026 4270 in·

738 4291 861 4365 decora
887 4287 1033 4362 additlos
1058 4289 1208 4383 benigna
1232 4289 1301 4362 sors
1328 4293 1554 4367 libentiffimos
1584 4295 1625 4366 ad
1648 4296 1803 4396 pristinos
1831 4302 1957 4371 amicos
1972 4309 2038 4373 re·¹

712 4393 849 4484 'rliuit3
874 4393 966 4484 tales,
991 4417 1047 4468 rex
1072 4395 1236 4477 maxime,
1263 4391 1328 4464 elle
1353 4395 1460 4487 Lazos
1485 4395 1642 4474 existima.
1695 4405 1799 4474 Certe
1827 4401 1944 4476 Colchi
1970 4403 2028 4475 su·

1918 4507 2028 4606 perio·

781 4691 824 4774 l)
847 4695 904 4756 Hic
939 4689 1042 4756 omill'a
1066 4692 1103 4756 ad
1134 4693 1205 4757 haer
1228 4689 1292 4756 sere
1314 4712 1360 4757 re·
1408 4697 1464 4761 bae
1486 4672 1561 4762 loro¹
1581 4697 1649 4780 fuir,
1675 4701 1769 4766 donec
1788 4704 1827 4768 ab
1850 4703 2026 4767 eodemim·

739 4777 838 4846 deant.
871 4785 969 4843 Perna
994 4797 1055 4844 erat
1080 4787 1233 4848 Arzanene
1256 4778 1359 4844 oriun-
1407 4787 1485 4870 perii
1509 4789 1569 4850 lam
1592 4793 1691 4876 potito
1715 4791 1773 4856 dua
1796 4795 2025 4896 (ςξωτηγρς)

675 4913 678 4922 ,
740 4866 805 4949 dor,
827 4869 893 4949 post
916 4869 1050 4931 Amidam
1071 4887 1194 4951 raptam,
1215 4871 1359 4932 alostino
1408 4905 1520 4960 mam,
1544 4893 1595 4959 est,

740 4951 773 5014 in
808 4949 979 5020 seruitutem
1013 4955 1196 5038 romaum,
1229 4957 1259 5020 ei
1288 4955 1359 5022 sert·
1405 5051 1410 5068 ι
