4592 6400
757 862 1112 972 tnrvrm'
1217 968 1238 1010 ,ζ
1363 902 1368 912 ·
1506 896 1576 973 aa·

759 1102 787 1152 a
814 1082 854 1158 0·
884 1099 1078 1173 ras-raa
1488 1063 1493 1083 ’
1565 1085 1761 1241 offla,

269 1276 345 1369 bia,
377 1298 523 1372 regnum
549 1270 717 1351 Persicum
744 1276 784 1351 ab
811 1276 933 1354 infestis
956 1276 1137 1355 incurssbua
1161 1278 1388 1357 Hunnomm,
1418 1278 1475 1379 qui
1493 1278 1557 1359 La·
1603 1264 1712 1351 Μ
1763 1308 1774 1337 r

274 1387 383 1469 aleam
410 1382 584 1458 accolunt.
608 1397 722 1453 tutum
749 1382 842 1459 sore,
871 1404 1001 1478 eosque
1025 1382 1076 1463 se,
1101 1378 1240 1475 quando=
1259 1378 1408 1462 luberet,
1432 1384 1468 1455 in
1491 1388 1559 1457 Ro·

276 1506 416 1555 manum
439 1484 621 1580 imperium
648 1481 775 1555 facilius
800 1480 1037 1571 immissurum
1075 1502 1152 1553 cum
1178 1482 1295 1553 Lazica
1319 1503 1560 1578 propugnata·

275 1582 349 1657 lum
376 1583 416 1657 fit
439 1582 591 1655 aduersus
618 1582 775 1655 barbaros
800 1584 964 1679 degente·
990 1586 1024 1655 in
1053 1580 1209 1655 cauculo.
1259 1586 1315 1659 Ee
1341 1582 1431 1679 quod
1455 1600 1559 1682 caput

275 1701 371 1769 erat,
417 1688 555 1757 Lazicae
580 1680 813 1783 possessionem
841 1684 880 1757 ad
907 1685 974 1757 boc
999 1682 1104 1757 Persia
1129 1678 1445 1783 opportuniffimam
1468 1686 1559 1761 sutu-

275 1812 348 1860 rm
374 1784 539 1885 sperabat,
561 1800 600 1857 ut
621 1786 702 1861 inde
725 1800 961 1885 erumpentes,
987 1786 1081 1859 etin
1109 1788 1313 1885 prouincias,
1338 1784 1559 1883 quibusl’on·

275 1902 328 1963 lua
379 1891 526 1960 Eurinus
565 1890 780 1985 praetexitur,
808 1888 899 1959 nullo
927 1889 1065 1981 negotio
1092 1902 1308 1959 excurrentes
1326 1902 1419 1959 terra
1436 1910 1475 1961 ac
1488 1914 1558 1962 ma·
1621 1887 1624 1895 ⁴

134 1998 137 2029 ³
276 1994 315 2071 ri,
340 1990 570 2087 Cappadoces,
594 1988 712 2086 hisque
737 1994 913 2083 contiguos
941 1990 1078 2063 Galatae
1106 2010 1145 2059 ao
1166 1987 1329 2083 Bithynos
1353 1985 1558 2081 subigerent

275 2106 378 2191 atque
402 2089 535 2192 impetu
560 2088 666 2165 subito
691 2096 892 2191 Byzantium
915 2104 1087 2191 caperent.
1114 2093 1252 2163 nemine
1275 2086 1497 2189 prohibente.

379 2296 447 2366 Hie
473 2292 516 2367 de
540 2291 640 2367 caulis
665 2294 828 2369 chosroes
854 2296 1003 2370 lazicam
1029 2288 1169 2395 quidem
1193 2291 1253 2371 sub
1275 2290 1440 2367 ditionem
1465 2291 1560 2373 suam

273 2392 433 2493 cupiebat
457 2392 674 2489 subiungere:
702 2414 737 2470 at
761 2397 863 2470 fidere
891 2400 982 2467 Lazia
1009 2398 1206 2494 neutiquam
1231 2410 1388 2494 poterat;
1412 2410 1451 2467 vt
1473 2400 1564 2494 qui..
1699 2465 1704 2472 ,

271 2495 312 2569 eb
338 2494 469 2569 excelsu
494 2492 729 2571 Romanorum
756 2524 783 2577 e,
803 2500 935 2588 Lazica,
960 2498 1130 2573 Persarum
1156 2498 1364 2570 dominatum
1389 2490 1556 2569 molestia·

257 2596 352 2671 sime
377 2598 520 2671 ferrent.
573 2600 714 2678 Namsr
736 2626 799 2701 qua
826 2624 910 2695 gene
939 2602 1010 2679 alia,
1036 2596 1156 2671 Persae
1182 2602 1327 2674 maxime
1353 2596 1446 2669 cultu
1471 2596 1556 2673 lim·

269 2701 348 2799 plici
374 2698 620 2799 usperrimoque
644 2701 732 2775 vislu
759 2701 792 2774 se
819 2698 987 2773 sustinent.
1034 2704 1062 2773 li
1088 2698 1163 2771 sunt
1185 2700 1334 2799 ipsorum
1358 2722 1493 2779 mores,
1517 2712 1556 2773 rt

270 2799 310 2871 ad
343 2800 415 2873 illos
451 2800 633 2879 accedere,
673 2819 734 2873 ‘ea
774 2804 868 2883 scita,
908 2820 945 2875 vt
977 2798 1030 2875 illa
1064 2802 1210 2875 tolerare
1238 2826 1343 2873 nemo
1369 2814 1471 2900 queat
1494 2794 1552 2873 d),

267 2902 373 3001 Apud
413 2907 518 2975 Lazos
558 2903 710 3001 inpn'mir
749 2901 938 2977 differentia
975 2902 1147 2994 religionis
1181 2926 1221 2977 ae
1245 2906 1333 2976 vitae
1360 2904 1552 2975 communie

267 3000 446 3077 notabilius
478 3021 634 3102 apparet3
677 3012 834 3103 quoniam
866 3004 947 3077 Lazi
981 3000 1169 3077 Christiana
1200 3002 1346 3077 inllituta
1374 3002 1565 3079 obseruant.

267 3108 421 3177 omnium
445 3108 607 3191 marime3
635 3108 750 3179 Persae
775 3110 985 3181 contrarium
1012 3106 1191 3179 diuinitatis
1221 3106 1349 3179 cultum
1374 3101 1551 3181 leuantur.

267 3211 353 3283 Huc
379 3207 528 3291 aceedit,
565 3209 655 3306 quod
680 3209 724 3282 sal
750 3213 784 3280 in
810 3211 929 3282 Laaica
954 3231 1119 3304 nusquam
1146 3205 1203 3278 sit:
1244 3211 1349 3278 immo
1375 3229 1440 3278 nec
1464 3209 1552 3283 triti·

268 3331 358 3392 eum,
386 3333 452 3380 nec
477 3312 616 3392 vinum,
650 3333 765 3407 neque
791 3313 878 3383 vllae
902 3307 1019 3400 fruges
1046 3310 1270 3406 proueniuntz
1309 3303 1366 3380 sed
1390 3309 1503 3380 omnia
1529 3331 1551 3380 a

267 3403 460 3494 Romanis,
486 3413 540 3508 qui
567 3437 641 3482 oras
670 3415 852 3485 maritimas
880 3407 1056 3489 obtinent,
1093 3409 1232 3481 nauibus
1259 3411 1441 3508 importata
1466 3411 1549 3482 baal

266 3513 456 3612 accipiunt,
490 3536 558 3584 non
585 3519 726 3611 pecunia
752 3514 813 3585 illis
839 3510 990 3610 repensa,
1017 3507 1217 3608 quibuscum
1242 3510 1465 3592 contrahunt,
1491 3507 1548 3584 sed
1663 3585 1701 3602 „-

263 3614 413 3712 pellium,
440 3612 622 3701 seruorum,
648 3629 683 3688 et
708 3615 730 3688 fi
757 3621 848 3690 cuius
877 3627 1052 3710 praeterea
1076 3616 1124 3686 rei
1151 3611 1198 3682 est
1223 3609 1300 3710 ipfis·
1316 3607 1453 3691 affatim,
1468 3637 1547 3711 per·

262 3719 453 3790 motatione
478 3715 571 3788 satta.
624 3707 727 3802 Quo,
752 3737 789 3792 vt
813 3719 1075 3790 consentaneum
1105 3730 1199 3802 erat,
1227 3711 1345 3784 exclufi
1372 3737 1547 3786 commer-

263 3819 326 3897 clo,
353 3844 395 3889 ex
422 3813 539 3888 dolore
566 3817 766 3890 fremebant.
817 3825 865 3890 Re
895 3815 1058 3888 chosroes
1085 3809 1273 3896 intelletla,
1300 3820 1397 3886 nouis
1424 3830 1544 3888 contra
1651 3831 1654 3839 '

262 3915 294 3990 se
318 3915 461 3990 consiliis
489 3943 665 3992 occurrere
691 3917 866 4012 satagebat.
904 3917 942 3999 [ἀ
968 3943 1049 3989 rero
1072 3915 1185 3988 secum
1213 3917 1350 4008 agitanti
1373 3919 1543 4014 optimum

262 4015 351 4094 fallu
377 4019 483 4092 risum
509 4017 573 4102 ell,
598 4017 724 4094 sublato
751 4021 997 4122 quamprimum
1023 4045 1040 4088 e
1067 4021 1179 4090 medio
1206 4016 1345 4092 Gubaze
1372 4023 1542 4091 Lazorum

260 4145 363 4214 rege,
387 4121 574 4194 uniuersam
603 4139 742 4215 gentem
765 4123 956 4199 transferre,
996 4137 1031 4192 et
1055 4118 1226 4194 Persarum
1251 4122 1459 4219 aliarumque
1482 4143 1544 4194 na·

263 4225 396 4298 tionum
423 4221 561 4298 coloniis
584 4227 760 4322 regionem
786 4225 875 4298 illam
902 4245 1079 4323 occupare.

821 4432 852 4504 F
880 4449 900 4503 2
1420 4423 1456 4526 ς.
1483 4445 1541 4510 aa.

202 4707 220 4726 -
290 4646 360 4746 nl)
386 4639 530 4740 roi-ra
555 4609 807 4754 tanewara
831 4641 885 4733 orl·
979 4619 1015 4725 ‘l
1038 4653 1252 4730 morrena«,
1278 4615 1545 4744 (ermerpa-

261 4737 360 4862 ἃμ
386 4747 532 4832 dvm
931 4739 1010 4820 nra,
1048 4757 1126 4829 πριν
1153 4753 1190 4802 τι
1211 4726 1381 4852 secutor
1394 4746 1546 4827 th'tfl‘

929 4857 1016 4922 ern,
1041 4829 1075 4908 ἓν
1099 4813 1221 4922 coela
1243 4847 1334 4922 ειχι.
