4592 6400
505 980 509 985 ·
650 1056 654 1061 ,
759 944 1076 1055 scrrvrrx.
1238 917 1243 925 ’
1480 998 1561 1067 ω

817 1204 846 1255 a·
874 1182 911 1251 C.
940 1198 1021 1267 555·
1059 1154 1062 1159 ⁵

1622 1176 1704 1265 smp.
1763 1226 1769 1233 -

272 1270 456 1355 institutum
486 1272 687 1375 ‘frequenter
719 1278 904 1374 invulgat
936 1282 1116 1353 iactantes,
1155 1274 1338 1353 multorum
1362 1280 1483 1351 animia
1511 1278 1544 1352 se
1575 1278 1762 1329 ¹V³T¹N¹h

277 1378 390 1453 sucum
424 1374 532 1449 secisse
565 1376 817 1459 arbitrabantur,
866 1376 970 1469 Quod
997 1378 1020 1452 sa
1047 1383 1187 1451 veroin
1214 1370 1283 1476 ipso
1316 1378 1436 1452 iudicio
1462 1380 1548 1451 haec

279 1479 343 1577 ipsa
368 1496 584 1580 proponant,
607 1482 810 1576 intelligant,
837 1508 860 1553 o
884 1481 991 1561 iudex,
1015 1506 1124 1577 neque
1150 1482 1343 1555 Romanum
1367 1506 1478 1577 neque
1502 1485 1552 1553 iu·

280 1578 361 1653 llum
390 1581 465 1658 esse.
494 1580 578 1655 adeo
603 1600 715 1678 aperta
742 1580 974 1681 manifestaque
999 1585 1118 1655 iniuria
1144 1584 1310 1675 neglecta,
1335 1586 1472 1656 incertis
1486 1608 1553 1680 po.

280 1684 342 1755 tiua
369 1681 412 1755 de
437 1682 551 1761 caufir,
578 1706 655 1779 quar
681 1680 738 1784 ipli
762 1684 881 1759 frustra
907 1688 1090 1757 commenti
1106 1684 1191 1765 sunt.
1216 1684 1295 1757 salli.
1321 1690 1450 1783 Neque
1461 1688 1555 1757 enim

276 1781 407 1857 serendi
432 1783 516 1863 suut,
544 1788 601 1881 qui
624 1782 836 1859 interfetlom
863 1788 999 1884 quidem
1026 1784 1083 1859 aba
1108 1784 1175 1858 sese
1200 1789 1309 1857 vinam
1333 1787 1424 1859 hunc
1437 1802 1554 1883 aperte

279 1884 449 1966 satanan,
488 1888 668 1959 maximam
699 1910 781 1961 vcro
814 1912 854 1959 ex
886 1890 951 1961 lrac
984 1889 1089 1959 caede
1116 1887 1292 1961 utilitatem
1318 1888 1358 1959 od
1383 1887 1557 1985 publicum

279 1982 464 2084 peruenisse
506 1986 693 2084 prodigiose
730 1995 950 2065 mentiuntur.
1003 1982 1089 2075 Quo
1122 1982 1222 2088 pallo
1254 1991 1347 2061 enim
1379 1986 1557 2061 consstere

279 2091 398 2189 poliant
423 2084 481 2159 sabi
507 2086 582 2187 ipse
612 2096 799 2161 cornaria?
844 2108 900 2163 aut
924 2114 994 2189 quo
1020 2092 1141 2189 pasto,
1180 2086 1306 2165 sallum
1331 2092 1433 2189 ipsum
1462 2105 1556 2163 atrox

277 2190 494 2288 appellantes·
519 2191 668 2265 animum
695 2196 777 2275 eiua,
802 2196 857 2289 qui
872 2193 903 2267 id
916 2196 1135 2293 perpetual,
1161 2191 1378 2273 laudabimus,
1395 2207 1557 2287 tanquam

275 2292 448 2390 publicum
473 2288 601 2363 bonum
627 2282 857 2390 spetiantem?
884 2294 961 2369 sont
986 2296 1078 2387 enim
1104 2291 1189 2365 haec
1213 2318 1314 2389 quam
1340 2289 1555 2367 remotissime

276 2397 357 2466 inter
384 2390 417 2465 se
442 2389 603 2467 disiuncta
627 2410 664 2467 et
689 2394 902 2469 insociabilia:
944 2420 1057 2494 neque
1085 2418 1233 2491 unquam
1258 2392 1358 2467 simol
1383 2391 1552 2469 subsistere

276 2496 407 2593 possunt
433 2494 552 2567 utilitas
578 2510 613 2567 et
638 2498 813 2595 iniquitas,
851 2498 1028 2571 crudelitas
1054 2512 1091 2569 et
1114 2494 1242 2571 iustitia.
1291 2490 1396 2583 Quod
1421 2494 1443 2567 sr
1469 2520 1553 2571 varo

274 2592 372 2669 'etiam
409 2592 517 2669 nudus
543 2600 551 2668 i
578 2595 687 2671 sotum
715 2604 845 2671 animus
874 2597 922 2671 est
946 2598 1190 2697 explorandus,
1225 2597 1295 2671 hoc
1320 2622 1363 2697 qu
1410 2622 1457 2669 ue
1480 2596 1551 2697 ipso

275 2699 410 2792 maligni
436 2620 688 2801 nequisslmique
713 2698 777 2773 elle
804 2704 1063 2785 conclamatur,
1085 2704 1215 2798 quippe
1239 2702 1298 2797 qui
1322 2622 1552 2774 missitauer-

273 2796 308 2872 ἧς
346 2814 441 2894 grata
477 2803 653 2894 agitarint3
688 2802 776 2875 adeo
808 2816 850 2875 at
879 2830 926 2877 ne
949 2806 1092 2875 Ronaani
1114 2800 1253 2899 quidem
1277 2800 1344 2875 ssat
1361 2798 1555 2901 appellandi

274 2900 319 2973 illi
344 2902 558 2995 sanguinarii,
580 2926 692 3001 neque
718 2904 822 2976 amica
845 2902 984 2977 societas
1008 2898 1088 2977 cum
1111 2905 1174 2981 iis.
1196 2918 1357 2998 tanquam
1379 2903 1555 3001 populari·

1605 1354 1715 1419 uos.
1860 1368 1864 1377 ·

272 3002 344 3091 bus,
366 3000 411 3075 sat
434 3002 608 3079 habenda:
639 3004 695 3077 sed
719 3004 840 3079 sommi
863 3012 976 3106 potius
999 3005 1111 3079 hostes
1137 3002 1217 3077 sunt
1237 3004 1555 3121 censendia‘quata·
1602 3014 1610 3031 ⁶

272 3103 450 3203 doquidem
482 3109 588 3179 etiam
617 3130 711 3179 nunc
738 3111 916 3183 communi
936 3124 1077 3181 nauatae
1100 3106 1178 3201 lege·
1200 3101 1279 3179 sunt
1299 3102 1467 3195 l'eiunstr,
1498 3124 1552 3181 to·

271 3205 361 3282 metsr
388 3210 542 3284 nondum
568 3233 591 3280 a
612 3209 706 3283 vobio
734 3208 866 3310 scripta.
909 3209 1098 3286 Aduersaril
1121 3211 1218 3280 eninr
1239 3223 1345 3306 atquc
1366 3206 1483 3280 laostao
1507 3231 1553 3285 et

269 3307 356 3384 satta
384 3309 460 3382 sunt
486 3308 706 3394 aestimandi,
741 3335 814 3388 nou
837 3335 879 3386 aa
900 3311 1058 3386 totamm
1079 3307 1308 3411 ᾧῆυυᾶἰοιιε.
1351 3312 1428 3384 Hie
1451 3331 1551 3392 raro,

270 3409 559 3596 illisis&
583 3410 1547 3614 {lllltllsslltffisttmtstlsslt

270 3617 366 3688 etiam
395 3641 496 3713 quam
522 3619 677 3714 proxime
701 3641 829 3710 genere
855 3612 893 3688 fit
918 3611 1124 3712 coniuatloe.
1169 3623 1219 3688 nt
1243 3639 1344 3700 vero,
1366 3641 1437 3690 non
1463 3619 1546 3692 anri·

270 3739 342 3789 tum
366 3717 456 3795 sese,
478 3741 548 3791 noo
574 3740 693 3811 regem
719 3714 940 3796 interfecisse,
966 3719 1099 3802 dicunt,
1131 3715 1190 3790 sed
1214 3714 1346 3790 hostem
1369 3720 1481 3817 potius
1506 3732 1544 3796 ct

267 3831 469 3914 tyrannum,
508 3834 543 3891 et
568 3819 737 3892 Persarum
764 3815 950 3892 sludiosom·
1001 3823 1053 3892 Eo
1080 3819 1172 3891 enim
1207 3817 1352 3910 vesaniae
1386 3819 1542 3917 iniquita·

269 3923 369 4018 tiaque
392 3937 641 4021 peruenerunt,
676 3937 713 3994 vt
738 3919 892 3992 Medismi
919 3919 1075 3994 accusent
1099 3933 1293 4014 mortuum3
1332 3945 1446 4017 eoque
1471 3925 1541 4014 iam

267 4021 359 4094 miser
383 4022 538 4094 rodanus
565 4019 623 4106 esl,
650 4037 686 4094 at
711 4046 757 4096 ne·
780 4039 933 4096 mortuus
959 4021 1096 4120 quidem
1122 4045 1141 4094 a
1164 4020 1259 4091 malis
1286 4018 1326 4094 fit
1350 4019 1466 4104 liber,⁴
1482 4019 1539 4096 setl

265 4147 354 4198 nunc
377 4123 575 4222 proditionis
600 4119 817 4212 insimuletur,
851 4147 930 4196 cum
957 4127 986 4196 ei
1011 4125 1153 4196 victoria
1174 4121 1254 4194 nihil
1282 4118 1330 4194 est
1352 4123 1538 4222 profutura.

266 4219 442 4310 Quaenam
468 4249 555 4298 vero.
574 4225 627 4298 lex
654 4221 721 4296 flue
747 4224 836 4324 apud
861 4249 938 4316 nos,
969 4223 1035 4300 sue
1060 4219 1147 4321 apud
1173 4222 1331 4296 barbaros
1356 4224 1538 4301 laudanerit

264 4327 503 4399 accusationem
528 4323 601 4426 poll
626 4325 784 4403 iudicium
810 4318 956 4404 satiaml
990 4326 1121 4400 ludices
1142 4329 1239 4402 enim
1263 4322 1344 4423 ips,
1364 4345 1400 4398 et
1423 4325 1537 4402 hoster

264 4425 329 4524 ips,
354 4445 390 4500 et
416 4427 633 4507 accusatores,
659 4445 693 4501 et
718 4431 830 4502 omnia
856 4427 949 4502 fimul
975 4427 1065 4520 fatti,
1090 4425 1288 4523 supplicium
1308 4427 1535 4519 iuditlacausa

266 4527 306 4598 ie
330 4533 532 4610 immereute
558 4527 753 4608 sumserunt,
780 4531 875 4629 quale
902 4553 960 4628 par
987 4545 1059 4602 erat
1083 4528 1165 4600 sumi
1190 4529 1232 4599 da
1259 4553 1312 4604 eo,
1338 4533 1395 4622 qui
1411 4553 1534 4602 reuera

264 4631 447 4724 tyrannidis
486 4626 565 4703 ellat
602 4625 787 4705 conuislus.
834 4631 1005 4704 Prodeunt
1034 4654 1114 4700 raro
1140 4653 1257 4710 natac,
1295 4649 1374 4698 cuna
1400 4627 1533 4702 delendi

263 4747 443 4828 oporteret,
471 4731 656 4804 accusantes
682 4731 860 4804 hominem
884 4733 1001 4804 iniuria
1028 4725 1196 4808 affaltum·
1247 4726 1455 4822 Oportuillet
1478 4751 1532 4799 ve·

262 4853 298 4900 ro
321 4835 420 4918 illos,
451 4839 643 4932 priusquam
669 4833 774 4933 ipsum
807 4831 1061 4910 interficerent,
1094 4827 1116 4900 sa
1143 4823 1245 4900 modo
1271 4825 1532 4902 accusationibus

261 4929 516 5052 laiafidebant,
551 4923 667 5037 aperte
692 4941 728 5010 iu
753 4956 835 5011 eum
861 4937 1028 5010 atlioaeua
1053 4927 1244 5022 instituere,
1260 4932 1533 5046 ⁸primosquein

179 5067 180 5074 ,
279 5073 285 5120 Ι
474 5067 477 5072 .
1481 5055 1539 5110 u„
