4592 6400
759 884 1073 966 neuter.
1103 969 1120 989 .
1490 905 1563 974 227

764 1113 792 1164 a.
817 1093 859 1164 C.
889 1105 984 1172 356·
1003 1105 1085 1174 362,
1379 1154 1384 1162 .
1628 1094 1709 1174 Imp.

390 1185 526 1264 Tzanoi
553 1211 635 1262 vero
662 1187 781 1260 allidor·
806 1219 846 1262 ex
874 1193 963 1264 edito
979 1193 1096 1265 bullas
1122 1193 1303 1282 iacientes,
1342 1190 1480 1291 saxique
1502 1188 1758 1262 <le-¹V8T¹“³'³·

275 1289 475 1372 uoluentes,
501 1291 596 1371 facile
625 1315 684 1364 eos
709 1291 916 1388 repulerunt,
942 1298 1187 1392 eruptioueque
1212 1292 1296 1367 fastu
1318 1297 1405 1364 viros
1425 1294 1561 1391 quadre-
1615 1281 1664 1330 ¹⁴⁰
1689 1271 1711 1328 ¹·

279 1397 376 1485 ginta
400 1395 655 1480 iuterfecerunt,
683 1395 824 1490 reliquos
848 1395 881 1463 in
907 1395 1120 1493 turpissimam
1138 1396 1255 1486 sugam
1276 1411 1459 1466 verterunt.
1485 1401 1561 1465 llar-

278 1491 355 1566 bori
380 1513 493 1570 autem
519 1518 559 1563 re
584 1495 727 1568 feliciter
752 1519 793 1564 ex
819 1494 986 1590 insperato
1013 1495 1114 1590 gesta,
1140 1521 1242 1594 quam
1271 1498 1421 1591 proxime
1447 1495 1486 1564 erl
1507 1521 1563 1564 cr·

275 1593 345 1667 slra
372 1593 596 1672 accesserunt,
621 1595 732 1690 ibique
759 1601 916 1668 acerrime
942 1623 1055 1695 pugno
1083 1595 1129 1670 est
1156 1601 1319 1676 excitato,
1347 1599 1496 1666 'lareriis
1521 1591 1562 1656 ὓ)

274 1695 383 1768 eastra
411 1721 629 1794 perrumpere
655 1721 841 1794 omnesque
867 1699 1044 1792 profligare
1071 1697 1268 1774 nitentibus.
1297 1699 1454 1767 Romanis
1480 1719 1559 1766 vero

276 1815 383 1898 turpe
418 1795 699 1880 existimantibus,
738 1823 805 1869 non
831 1800 934 1871 solum
958 1800 1019 1872 nisi
1044 1825 1064 1869 e
1089 1798 1224 1892 vestigio
1251 1794 1362 1868 hostes
1391 1796 1562 1896 propulsu·

279 1917 380 1981 rent,
404 1899 461 1974 ted
486 1899 546 1971 nile
571 1903 708 1996 pertitus
733 1925 790 1976 eos
811 1901 977 1974 delerent.
1017 1901 1104 1976 Puls
1126 1908 1242 1998 ituque
1264 1905 1354 1970 litter
1378 1901 1411 1972 se
1436 1913 1561 1970 mutuo

280 2017 317 2072 ct
335 2007 526 2076 ·reoiteutes
554 2026 742 2097 manereque
771 2005 1011 2080 conserentes,
1052 2003 1133 2074 nihil
1163 2002 1302 2072 omnino
1325 1999 1368 2073 de
1391 1998 1558 2070 alacritate

276 2105 473 2176 animorum
505 2102 728 2192 remiserunt3
763 2101 819 2175 scd
850 2129 962 2200 eequo
989 2121 1094 2189 merto
1123 2103 1178 2174 diu
1201 2107 1358 2195 utrinque
1386 2098 1561 2197 pugnabo·

274 2220 358 2285 tur,
380 2208 562 2299 omniaque
590 2215 685 2274 erunt
710 2204 849 2300 strepitu
876 2224 912 2275 et
935 2197 1081 2276 clamore
1108 2204 1244 2276 confuso
1271 2203 1367 2300 plena
1394 2219 1426 2272 et
1452 2199 1561 2272 adhuc

275 2307 420 2377 incerta.
473 2305 681 2376 Theodorus
709 2320 847 2389 autem,
870 2309 1101 2377 Romanorum
1127 2305 1191 2375 dux
1205 2354 1217 2394 ‚
1244 2301 1360 2374 videns
1388 2327 1446 2373 eos
1473 2301 1562 2372 duce

274 2404 362 2481 bellr
386 2409 497 2505 perito
525 2405 719 2494 destitutor,
748 2427 863 2504 neque
890 2406 1068 2481 admodum
1092 2415 1126 2482 iu
1150 2421 1225 2478 tuto
1253 2405 1467 2502 praeliantes,
1492 2427 1562 2472 ne-

276 2531 348 2605 que
375 2505 509 2579 diuersis
535 2535 554 2579 e
581 2507 726 2606 parturus
749 2509 874 2578 vallum
897 2507 1088 2582 obsidentes
1115 2521 1217 2604 atque
1248 2505 1467 2592 inuadenteS,
1501 2500 1562 2574 sed

279 2633 403 2680 omnes
434 2608 526 2681 simul
551 2617 586 2681 in
619 2635 718 2680 vnarn
752 2607 918 2704 quondam
944 2629 1075 2709 portem
1102 2605 1322 2702 conglobatus
1350 2601 1559 2682 incumbere,

279 2711 462 2784 nonnullos
485 2709 622 2807 quidem
646 2737 670 2782 e
692 2702 758 2783 suis
785 2713 860 2783 loco
885 2711 943 2782 suo
966 2736 1105 2783 monere
1128 2725 1168 2781 et
1189 2709 1323 2780 aduersa
1348 2706 1460 2778 fronte
1482 2727 1561 2777 curn

163 2834 173 2846 ·
279 2809 379 2883 holle
414 2836 567 2908 pugnare
597 2810 714 2894 iubet,
748 2812 929 2883 marinam
960 2837 1046 2883 vero
1076 2813 1251 2907 copiarum
1276 2809 1402 2881 suarum
1429 2821 1563 2906 partem

279 2914 369 2986 elam
394 2917 510 2997 mittit,
532 2913 589 3009 qui
612 2919 650 2983 in
675 2911 805 2984 bostem
826 2935 848 2979 a
874 2930 971 3005 tergo
996 2917 1164 3010 impetum
1192 2913 1327 2992 fuciant3
1355 2905 1562 3004 quiquidem

278 3013 499 3086 occultissime
523 3011 686 3111 prosecli,
719 3038 800 3086 cum
825 3015 891 3081 ium
919 3020 1067 3086 Tzannis
1088 3014 1173 3082 ³ln
1197 3029 1296 3102 tergo
1321 3013 1561 3086 imminerent,

278 3113 459 3188 confestim
483 3119 667 3187 immonem
690 3111 978 3213 acutiffimumque
1005 3117 1188 3186 clamorem
1207 3108 1373 3184 classicum
1387 3111 1563 3182 sonantem

277 3222 492 3300 excitarunt,
524 3218 611 3288 odeo
635 3233 674 3287 rt
698 3218 846 3288 Tzonnis
879 3215 1037 3312 perculfis
1068 3214 1342 3314 perturbatisque
1369 3211 1450 3283 nihil
1476 3210 1562 3283 aliud

277 3322 314 3391 in
345 3340 498 3396 mentem
525 3323 668 3395 venerit,
693 3343 796 3417 quarn
819 3332 958 3414 turpem
983 3316 1096 3411 fugam
1121 3312 1301 3413 capessere.
1349 3315 1490 3385 Romani
1505 3334 1562 3383 ve·

275 3446 319 3493 ro
349 3447 424 3510 eos,
450 3426 494 3494 ita
518 3420 687 3511 fugientes
714 3436 750 3491 et
777 3442 860 3517 prae
874 3437 967 3492 metu
995 3435 1086 3490 extra
1113 3414 1146 3487 se
1162 3412 1407 3513 quodammodo
1427 3410 1561 3511 postor.

275 3521 439 3595 facillime
476 3520 706 3603 trucidarunt,
746 3536 780 3590 et
809 3520 877 3589 duo
911 3520 1045 3621 quidem
1073 3542 1193 3593 eorum
1223 3516 1326 3591 millio
1348 3514 1424 3589 sunt
1447 3511 1560 3599 caela,

272 3626 415 3723 reliqui,
438 3624 524 3699 elius
545 3622 628 3715 ulio,
651 3621 729 3692 lunt
753 3621 900 3721 dissipati.

839 3831 876 3917 ᾗ.
928 3847 1018 3902 12.-

387 3927 596 4004 Theodorus
621 3932 755 4023 itaque,
781 3930 928 4001 uniuersa
955 3944 1056 4018 geute
1081 3926 1227 4017 domita,
1255 3922 1449 4022 imperatori
1477 3916 1561 4015 quoe

211 4078 214 4083 -
280 4029 378 4127 gesta
402 4049 502 4103 eraut
526 4034 718 4119 nunciauit3
746 4026 916 4127 smulque,
944 4028 1023 4125 quid
1049 4033 1082 4098 in
1108 4055 1167 4099 eos
1197 4026 1290 4097 statui
1319 4026 1429 4103 vellet,
1457 4018 1581 4091 scilci-¹

278 4150 373 4206 tatus
402 4130 458 4202 cll.
509 4134 538 4201 Is
563 4150 692 4201 certum
718 4130 768 4197 eis
793 4132 954 4203 tributum
979 4154 1150 4215 annuum,
1179 4128 1266 4223 quod
1293 4124 1448 4219 deinceps
1477 4144 1561 4216 pen·

280 4236 422 4321 clerent,
449 4234 579 4329 imponi
602 4234 699 4318 iussu,
731 4246 769 4299 rt
792 4257 833 4301 ex
860 4258 900 4303 ro
924 4230 1163 4321 intelligerent,
1189 4222 1374 4299 sesubditos
1388 4242 1436 4295 ‘ct
1460 4220 1563 4293 tubu-

281 4340 390 4408 tarios
417 4329 485 4402 elle
511 4334 708 4429 penitusque
733 4328 890 4409 subustos.
927 4332 1109 4403 Confestim
1136 4333 1249 4426 itaque
1274 4326 1427 4397 recensus
1453 4325 1562 4395 omui·

278 4462 342 4509 um
367 4431 417 4508 esl
441 4430 596 4515 babitus,
630 4448 668 4503 et
692 4456 778 4499 onus
804 4434 969 4506 inferendi
993 4430 1107 4503 tributi
1134 4434 1181 4499 eis
1209 4425 1419 4523 impositum,
1444 4442 1483 4493 et
1507 4448 1559 4493 ex·
1627 4522 1628 4525 Ἴ
1709 4453 1713 4466 ·

287 4540 369 4609 inde
388 4542 421 4607 in
439 4534 531 4605 hunc
542 4556 650 4628 usque
663 4531 753 4603 diem
769 4537 924 4606 Romanis
939 4532 1211 4622 luntvetliguler.
1235 4528 1411 4599 lulliuiano
1425 4548 1505 4593 vero
1519 4524 1563 4593 la·

276 4640 374 4717 llum
400 4636 469 4709 boc
484 4653 644 4732 tauquam
663 4657 703 4703 ex
720 4638 871 4707 maximis
889 4634 990 4707 rebus
1008 4632 1107 4726 gellis
1126 4630 1220 4703 valde
1231 4630 1363 4727 placuit.
1392 4616 1563 4709 Quocirca
1626 4698 1629 4703 .

575 4733 590 4771 ”
930 4733 992 4808 Fl
1011 4756 1033 4803 2
1462 4724 1564 4795 etiam

322 4942 371 5026 ἦ)
393 4944 518 5007 Nomen
542 4936 656 5025 supplet
677 4938 827 5026 interpret.
987 4936 1026 5020 ι’)
1048 4910 1171 5001 Nouieu
1199 4931 1233 4995 iu
1264 4928 1384 5011 Graeco
1408 4924 1565 4994 omittiruu
1640 5014 1645 5027 Ι
