4592 6400
756 900 964 979 carvT
1016 904 1102 977 Wst
1483 917 1555 986 tu

267 1196 409 1301 quidam
432 1186 593 1275 ordinum
618 1200 759 1287 tueor,
797 1107 1168 1295 nlmlrlgrlls‘nomme
1192 1196 1251 1284 ll,
1291 1212 1394 1295 prout
1419 1202 1467 1271 eis
1493 1222 1557 1299 per
1578 1102 1762 1257 wll'llin.

269 1302 462 1403 praefectos
487 1303 680 1377 mandatum
707 1318 789 1381 erat,
813 1304 932 1377 decem
960 1300 1114 1379 usiliarius
1141 1328 1244 1374 naues
1271 1300 1436 1399 bipuppes
1458 1307 1480 1369 ‘e
1498 1326 1557 1373 co·
1612 1292 1663 1342 ΝΟ
1696 1281 1721 1343 ¹·

270 1408 356 1504 piis,
381 1405 500 1503 quibua
528 1424 718 1505 praeerant,
742 1403 978 1489 lnslrurerunt,
1005 1406 1125 1505 quibus
1152 1404 1247 1475 altius
1269 1404 1418 1500 prouetli
1437 1425 1557 1496 magna

272 1530 358 1579 cum
392 1508 562 1613 vigilantia
594 1510 740 1583 fluuium
771 1509 983 1600 tuebantur,
1021 1504 1243 1603 transtusque
1273 1508 1366 1577 omni
1390 1530 1432 1577 ex
1457 1516 1555 1602 parte

272 1607 592 1709 circumspectantes
619 1608 851 1704 obseruabant,
878 1610 981 1685 modo
1007 1610 1118 1685 medio
1144 1606 1287 1681 fluminis
1314 1608 1428 1689 alueo,
1455 1606 1556 1679 modo

272 1710 377 1803 huic,
406 1708 509 1785 morlo
536 1712 632 1785 alteri
656 1716 749 1813 ripae
775 1712 1022 1807 odnauigantes.
1075 1716 1232 1783 ‘Interea
1257 1734 1326 1781 uno
1351 1730 1468 1781 earum
1496 1732 1558 1779 na·

273 1816 373 1887 uiam
384 1861 397 1894 ,
436 1836 517 1911 quaa
544 1831 643 1887 antea
669 1813 784 1889 Persae
809 1840 928 1889 vacuas
961 1826 1148 1915 ceperant,
1187 1810 1290 1882 nostu
1313 1808 1557 1884 dormientiboa

273 1910 435 1989 vniuersrs
461 1912 550 1989 aestu
576 1932 711 1998 exorto,
735 1916 840 1997 sune,
867 1940 937 2015 quo
964 1916 1005 1989 ael
1031 1915 1121 1987 littus
1146 1912 1279 2005 alligata
1303 1928 1393 1994 erat,
1417 1905 1556 2007 mpto',

273 2012 479 2112 rapidiffime
503 2017 749 2117 celerrimeque
765 2017 999 2101 adRomanoe,
1027 2014 1146 2115 quibua
1168 2014 1432 2108 oabragazesmt
1460 2035 1558 2110 prae·

274 2132 365 2194 erat,
389 2116 497 2191 delate
523 2116 579 2189 esl.
630 2120 847 2218 quiquidem
874 2146 950 2195 eam
976 2116 1278 2217 conspicatorum
1306 2130 1483 2210 ceperunt,
1507 2116 1559 2183 in·

271 2216 471 2319 sperataque
496 2236 636 2319 capture
659 2220 734 2294 sunt
759 2220 876 2319 gruis,
901 2220 991 2320 quod
1016 2222 1122 2305 nauis,
1148 2242 1235 2319 quae
1261 2235 1362 2293 autea
1385 2238 1489 2291 vacua
1512 2211 1556 2289 ab

270 2318 356 2425 ipfia
382 2318 526 2417 abierat,
552 2326 630 2397 viria
656 2324 757 2427 plena
781 2322 932 2401 rediisset

921 2547 968 2601 ro
991 2584 1002 2602 .

383 2624 517 2699 lnterea
555 2624 788 2727 Nochoragan
818 2534 897 2703 cisum
930 2544 1082 2703 voluerso
1116 2624 1265 2695 exercitu
1294 2614 1457 2694 eeaslria
1483 2641 1559 2692 mo·

272 2746 392 2805 uene,
416 2725 472 2800 vbi
498 2734 800 2831 appropinquant,
833 2730 1001 2805 velitando
1027 2744 1062 2802 et
1086 2722 1257 2799 iaculando
1283 2738 1413 2795 tentare
1438 2722 1557 2795 volent

275 2829 460 2910 Romanor,
485 2854 527 2903 arr
554 2836 768 2928 eruptionem
793 2829 959 2918 facerent3
987 2852 1096 2929 eaque
1122 2828 1252 2901 ratione
1277 2819 1480 2924 apertissime
1500 2846 1558 2897 eo·

279 2926 452 3020 gnoscere,
477 2956 545 3030 quo
570 2934 670 3034 patto
696 2933 754 3009 srbi
779 2934 814 3005 in
839 2935 1037 3033 sequentem
1062 2929 1152 3002 diem
1179 2952 1235 3003 rea
1259 2928 1401 3003 bellicae
1415 2932 1558 3027 praepa‘·

275 3030 401 3101 rendae
428 3028 542 3107 essent.
593 3034 709 3111 Persae
736 3042 850 3132 itaque
875 3034 1070 3133 simulatque
1095 3030 1135 3103 ad
1160 3031 1219 3103 teli
1244 3027 1366 3103 iaslum
1392 3052 1558 3128 peruene·

272 3148 382 3222 runt,
419 3132 591 3208 confestim
630 3162 726 3212 more
762 3136 820 3210 suo
853 3137 1031 3233 ingentem
1057 3135 1250 3228 sagittarum
1275 3136 1344 3205 uim
1370 3131 1557 3220 emittunt,

273 3233 461 3332 multisque
487 3233 719 3313 Romanorum
757 3237 951 3324 vulneratis,
990 3237 1045 3310 alii
1078 3233 1216 3332 quidem
1240 3231 1350 3305 adhue
1377 3227 1560 3330 pugnando

273 3331 483 3422 resistebant,
511 3340 561 3410 alii
587 3365 702 3440 pugna
727 3339 944 3412 excesserunt
975 3336 1111 3433 Augilas
1137 3359 1220 3406 vero
1246 3348 1284 3405 et
1309 3331 1560 3409 Philomathiuo

273 3451 318 3509 et
341 3459 381 3508 ea
407 3439 552 3536 ipsorum
579 3442 766 3536 agminibus
796 3443 858 3514 viri
883 3441 1032 3528 ducenti,
1058 3432 1189 3508 tametfi
1210 3436 1379 3508 Martinus
1406 3429 1561 3506 uniuerso

274 3541 435 3614 exercitui
460 3543 650 3641 imperarat,
675 3561 711 3616 vt
736 3543 794 3617 suo
819 3546 958 3642 quiaque
987 3542 1062 3613 loco
1088 3537 1120 3611 se
1147 3538 1353 3630 contineret,
1380 3551 1417 3608 et
1442 3537 1560 3609 etutb

271 3657 470 3740 pugnaret,
504 3645 607 3718 nihilo
633 3649 743 3720 minus
767 3663 926 3718 tarnene
954 3659 1050 3742 porta
1076 3637 1153 3740 ipss
1182 3641 1331 3736 proxima
1360 3636 1560 3720 euolantes,

272 3745 311 3814 in
341 3740 472 3814 hollam
507 3745 711 3822 serebantur.
762 3746 968 3824 Theodorus
997 3768 1096 3822 vero,
1122 3741 1271 3814 Tzanici
1295 3741 1439 3834 agminis
1469 3737 1558 3824 dux,

275 3845 374 3914 initio
398 3844 534 3941 quidem
560 3849 632 3922 suos
659 3849 826 3925 continuit
851 3855 1083 3947 impetumque
1098 3837 1266 3942 repreffib,
1285 3839 1484 3916 temeritatis
1498 3863 1559 3912 eoa

274 3969 444 4046 arguens3
470 3971 550 4020 cum
575 3975 656 4023 vero
680 3953 725 4026 illi
752 3950 839 4022 dislo
864 3949 1038 4022 audientes
1063 3969 1135 4018 non
1159 3940 1281 4032 esseut,
1305 3941 1373 4042 ipse
1397 3943 1503 4014 aiam
1525 3939 1560 4014 se

273 4045 441 4146 pluribus,
467 4075 535 4124 non
560 4051 693 4150 quidem
718 4050 835 4133 libens,
859 4053 1020 4134 adiunxit,
1044 4063 1083 4120 et
1109 4069 1189 4120 cum
1207 4045 1269 4117 illia
1285 4047 1321 4117 in
1338 4039 1556 4124 bostemiuit,

273 4173 324 4222 rae
349 4150 483 4224 timidus
515 4152 732 4236 censeretur,
769 4179 877 4252 eaque
906 4154 971 4226 sola
994 4151 1037 4224 de
1061 4147 1155 4223 causa
1181 4143 1359 4220 honestum
1385 4141 1559 4218 consilium

275 4241 421 4350 speciose
460 4269 669 4354 praetexere.
719 4257 859 4330 Fadium
898 4257 990 4329 enim
1029 4253 1061 4324 ei
1093 4274 1304 4350 nequaquem
1340 4244 1559 4348 probabatur,

272 4353 444 4456 particeps
470 4371 586 4434 tamen
612 4357 699 4434 illios
713 4354 790 4433 else
814 4357 969 4451 volebat,
1002 4377 1238 4456 quemcunque
1263 4349 1403 4427 tandem
1429 4353 1561 4522 errippsqrt

334 4647 367 4750 sl
391 4682 451 4754 tuq
486 4655 614 4740 Οὗννος
647 4691 704 4742 rte
727 4677 899 4759 λοχαγος
948 4670 1051 4760 opert,
1075 4653 1112 4720 ‹le
1135 4673 1197 4738 quo
1221 4651 1282 4719 rid.
1306 4650 1397 4720 Tota.
1420 4649 1448 4720 l·
1470 4645 1563 4716 Hm·

276 4759 647 4864 Ελμιγγεὸξοςόνομα.
662 4763 900 4848 nullumquam
946 4760 1015 4812 Μ
1039 4738 1073 4825 s·
1093 4757 1169 4826 ²57·

272 4853 359 4922 infr·
382 4880 412 4942 r·
437 4877 491 4933 er
546 4867 684 4944 Amin·
720 4862 899 4976 Ελμινζες
969 4862 1055 4966 a)
1078 4855 1347 4976 Aassttll’s‘b

327 4953 479 5044 Memor·
506 4962 611 5064 Tum.
636 4963 704 5050 IV.
1008 4975 1037 5066 B
