4592 6400
736 895 807 961 ⁴9²
1252 864 1534 939 oneret

583 1069 663 1153 Imp.
1218 1088 1245 1137 a.
1280 1068 1318 1137 C.
1353 1066 1539 1154 254·268.

529 1159 717 1217 ῦΛιιιιΝο.

1274 1277 1280 1285 .
1314 1208 1343 1293 §-
1401 1226 1457 1275 12·

850 1348 1052 1403 cerrenus
1156 1320 1245 1395 bello
1273 1340 1389 1398 eontra
1412 1285 1606 1397 Portunum
1624 1318 1782 1418 suscepto,
1810 1322 1918 1417 primo
1937 1346 2016 1395 con·

734 1426 851 1523 ,gressu
889 1428 992 1499 vitius
1025 1424 1081 1498 esi.
1130 1425 1263 1497 Deinde
1297 1442 1477 1523 tyrannum
1504 1428 1538 1495 in
1564 1424 1677 1516 fugam
1706 1418 1919 1513 coniettum,
1946 1434 2015 1495 Au·

693 1571 697 1583 ·
742 1530 869 1601 reolum
898 1528 1047 1624 persequi
1075 1524 1193 1597 iubet:
1221 1529 1289 1623 qui,
1314 1550 1393 1597 cum
1421 1550 1499 1595 eum
1522 1522 1642 1621 assequi
1662 1518 1779 1623 posset,
1805 1520 1926 1596 diutius
1940 1550 2020 1624 per·

744 1630 833 1729 sequi
857 1630 992 1723 uolens,
1019 1626 1164 1701 causatus
1190 1626 1257 1717 est,
1281 1626 1316 1699 se
1344 1650 1425 1699 eum
1450 1624 1583 1725 adipisci
1608 1645 1677 1697 non
1702 1618 1805 1723 posse.

656 1382 701 1433 10

1311 1837 1346 1925 ᾗ
1399 1851 1456 1917 η.

661 2006 704 2063 1¹
850 1955 1063 2067 [iraeneo
1104 1995 1182 2046 eum
1220 1968 1292 2045 filiis
1327 1980 1500 2047 Macriano
1537 1987 1572 2045 et
1596 1976 1721 2061 Quinto
1752 1968 2019 2061 rebellantibus]

738 2072 920 2172 imperator
945 2074 1131 2149 Aureolum
1159 2100 1237 2146 cum
1263 2076 1329 2147 aliis
1355 2076 1493 2149 ducibus
1521 2092 1638 2147 contra
1663 2078 1854 2147 Macrinum
1881 2092 1915 2145 et
1930 2079 2016 2145 Ma·

693 2184 702 2243 ,’
738 2180 887 2247 crianum
926 2174 1031 2248 misit:
1073 2180 1157 2271 qni,
1194 2173 1286 2246 holle
1313 2179 1572 2253 circumuento,
1609 2176 1788 2247 nonnullos
1813 2173 2015 2246 occiderunt

739 2276 942 2375 (parcebant
968 2278 1058 2349 enirn
1085 2279 1143 2354 eie,
1169 2290 1206 2346 vt
1229 2277 1449 2372 popularibus
1474 2278 1536 2349 suis
1558 2274 1632 2371 9).)
1658 2276 1848 2375 sperantes,
1875 2301 1934 2346 eos
1965 2275 2014 2346 rs·

738 2394 793 2449 tro
820 2377 859 2446 ad
886 2380 1124 2473 imperatorem
1150 2374 1353 2452 transituros.
1409 2377 1473 2452 Sed
1500 2402 1577 2449 cum
1603 2404 1671 2452 non
1699 2376 1873 2452 cederent,
1898 2376 2014 2447 fortui-

731 2494 776 2549 to
803 2477 940 2553 accidit,
975 2493 1011 2547 rt
1043 2500 1160 2547 omnes
1187 2476 1227 2545 ad
1253 2472 1401 2549 officium
1426 2476 1586 2551 redirent.
1634 2485 1725 2550 Nam
1752 2477 1832 2548 dum
1858 2497 2019 2570 tyranno·

740 2602 817 2649 rum
843 2577 965 2646 milites
993 2576 1110 2646 eredlis
1137 2572 1235 2665 fignis
1261 2578 1434 2666 incedunt,
1461 2576 1593 2677 quidam
1622 2604 1662 2647 ex
1687 2578 1847 2669 signiferis
1874 2578 2018 2675 impedi·

742 2694 795 2749 tus
824 2676 984 2747 concidit:
1011 2672 1171 2771 signoque
1199 2701 1262 2747 vna
1286 2680 1455 2755 inclinato,
1482 2683 1600 2775 reliqui
1617 2676 1772 2770 sgniseri,
1800 2679 2018 2771 causaeigna·

739 2780 781 2856 ri,
809 2793 982 2869 putantes,
1008 2777 1099 2847 illum
1127 2773 1212 2847 vltro
1238 2775 1270 2847 sc
1295 2780 1489 2877 imperatori
1515 2774 1719 2855 submissso,
1744 2778 1838 2849 bumi
1863 2778 2017 2875 prollroti

740 2901 858 2951 omnes
892 2876 981 2949 idem
1008 2878 1180 2950 fecerunt,
1217 2875 1397 2952 Galienum
1425 2876 1532 2950 sauslis
1559 2878 1725 2952 ominibus
1750 2876 2013 2975 prosequentes:

740 2979 875 3075 ‘neque
899 2974 953 3049 vlli
981 2998 1116 3075 praeter
1143 2982 1292 3047 Paeones
1318 2978 1406 3075 apud
1432 2984 1622 3051 Macrinum
1645 2979 1835 3050 manserunt
1859 2984 1917 3051 Β).
1943 2976 2014 3067 Qri
2057 3018 2063 3025 ·

739 3100 817 3153 cum
845 3094 880 3148 ct
905 3074 961 3175 ipsi
988 3077 1151 3149 tranfituri
1178 3075 1301 3154 essent,
1335 3083 1513 3152 ‘Macrino
1538 3098 1574 3152 et
1598 3080 1683 3156 silim
1708 3080 1854 3176 ipsorum
1885 3101 2015 3173 rogatu,

738 3182 792 3255 ne'
807 3184 843 3248 in
868 3176 1011 3254 hostium
1037 3176 1229 3274 potestatem
1254 3182 1427 3263 venirent,
1453 3181 1652 3264 intersectis,
1680 3183 1872 3278 imperatori
1900 3182 1932 3252 se
1959 3183 2016 3253 de·

740 3281 897 3354 diderunt
920 3277 968 3351 α).
1022 3281 1182 3352 Galienus
1208 3303 1290 3352 vero
1315 3297 1431 3352 contra
1456 3279 1644 3367 Quintum,
1678 3285 1842 3353 iuniorem
1868 3287 2012 3357 Macrini

740 3380 858 3456 filium,
885 3383 940 3477 qui
966 3395 1073 3451 totum
1101 3405 1208 3475 paene
1236 3386 1403 3454 orientem
1430 3383 1627 3474 subegerat,
1668 3384 1906 3460 Odenathum,
1938 3388 2009 3456 Pal·

738 3502 961 3578 myrenorum
1002 3479 1124 3550 ducem
1162 3477 1258 3552 mist.
1308 3489 1437 3554 Verum
1471 3485 1617 3556 Macrini
1641 3497 1677 3552 et
1702 3479 1861 3554 Macriani
1896 3485 2009 3556 ‘clade

739 3583 929 3655 Pannonica
953 3575 989 3639 b)
1013 3585 1190 3656 nunciata,
1227 3579 1347 3652 multae
1379 3583 1478 3654 urbes
1511 3611 1529 3653 a
1553 3581 1685 3667 Quinto
1711 3602 1747 3654 et
1773 3583 1888 3654 Balisla
1914 3589 2010 3676 [eius

740 3679 902 3772 Magistro
942 3681 1118 3775 equitum]
1156 3678 1362 3752 defecerunt.
1425 3677 1522 3768 Quos
1559 3683 1758 3756 Odenathns
1794 3681 1927 3769 Edessae
1952 3713 2009 3783 ag·

737 3775 865 3877 gressus
888 3781 983 3860 vicit:
1009 3803 1047 3856 ac
1072 3777 1226 3860 Basiliam
1252 3781 1321 3882 ipse
1347 3783 1479 3869 occidit,
1504 3781 1671 3876 Qrintum
1698 3788 1804 3856 ciues.

1862 3987 1896 4086 §-
1951 4017 2009 4082 ¹4·

779 4207 822 4251 ¹⁸·
844 4187 887 4252 ¹⁶¹·
910 4185 981 4250 llll·
1013 4207 1042 4271 P·
1066 4193 1125 4260 6³2⁴
1397 4193 1516 4285 aiore,
1547 4222 1596 4291 μη
1620 4181 1753 4290 dederas
1780 4192 1919 4282 eiures,
1948 4187 2011 4268 aio·

777 4309 812 4378 ¹¹·.
835 4291 876 4352 ld·
900 4287 971 4349 ibid·
996 4309 1025 4370 P·
1049 4297 1118 4360 ⁶32·
1134 4291 1198 4360 ⁶3⁴·
1399 4324 1469 4372 των
1501 4283 1710 4387 delendarum,
1750 4293 1838 4372 ἀλλ’
1875 4291 2012 4370 eirenen

782 4387 1026 4498 yltr’qverdovro
1057 4425 1131 4497 γαρ
1159 4390 1276 4471 odoror
1302 4392 1349 4470 alc
1398 4423 1565 4493 προτερον
1579 4407 1692 4490 σφας,
1717 4426 1774 4489 aar
1796 4395 1887 4472 o‘vro
1901 4423 2010 4492 προσ·

736 4493 917 4598 ὅμογενων.
1398 4521 1559 4594 χωρησοη
1596 4525 1648 4594 τῳ
1683 4493 1839 4581 &cornea
1890 4494 1909 4568 ὅ
1941 4521 2009 4570 πε·

677 4629 679 4637 ·
785 4605 827 4679 zl
862 4627 967 4696 μονων
1004 4629 1074 4674 ror
1111 4605 1261 4676 Horonon
1286 4620 1349 4672 rte·
1395 4624 1577 4680 nommec
1601 4593 1630 4670 δι
1654 4605 1822 4687 neom,
1847 4585 2011 4692 voees·-

735 4700 989 4790 ςιλειωθεντων
1036 4723 1109 4774 rosc
1162 4725 1243 4797 περ
1286 4723 1345 4774 ror
1394 4725 1460 4774 uer
1484 4698 1629 4772 revees.

732 4801 918 4894 Μακςινον.
1444 4797 1483 4882 bl
1512 4795 1646 4882 ciranc-
1663 4827 1730 4888 τηε
1760 4823 1866 4877 κατα
1898 4801 2009 4878 ΠΜ·

784 4893 825 4994 ι]
859 4893 1083 4996 inruerun-
1109 4926 1173 4977 ouv
1187 4925 1252 5001 ,ep
1285 4894 1343 5006 dap
1394 4923 1465 4976 rm
1491 4891 1692 4998 συμβασηε.
