4592 6400
438 1194 440 1199 “
549 1184 736 1247 lvermnt·
758 1228 764 1239 .

759 822 807 977 ss
952 968 959 979 ,
1201 882 1574 963 tazrcoavu

568 1047 573 1059 ι
601 1085 685 1174 Imp·
990 1050 1006 1063 ,
1318 1084 1354 1183 §.
1409 1099 1494 1180 ιγ(-

591 1265 691 1339 NQL
1287 1234 1316 1283 a.
1341 1214 1382 1287 C.
1411 1232 1493 1295 532.
1559 1238 1563 1244 ·

548 1370 577 1416 ι.
599 1356 628 1413 6.
650 1344 723 1431 irirp.
853 1290 1235 1427 [cressementum
1260 1361 1354 1429 rege,
1380 1330 1551 1416 detonsio,
1576 1330 1680 1427 legati
1705 1336 1939 1408 Romanorum
1958 1336 2034 1410 eius

543 1428 973 1517 lattinianiflsuccellorem
993 1434 1175 1509 chosroem
1203 1436 1243 1507 ad
1269 1437 1408 1511 fluuium
1434 1441 1558 1528 Tigrin
1586 1438 1746 1519 adierunt,
1774 1440 1958 1535 multisque
1983 1464 2036 1509 er-
2162 1475 2163 1520 r

669 1539 711 1614 ι5
753 1565 797 1637 ga
823 1532 926 1642 eum]
951 1537 1117 1611 blanditiis
1143 1534 1188 1608 vfi
1213 1537 1310 1618 sont,
1350 1564 1435 1639 quae
1461 1540 1589 1631 legatos
1614 1542 1782 1611 Romanos
1809 1543 1951 1611 minime
1980 1533 2037 1612 de·

752 1640 884 1714 cebant
936 1642 1012 1713 Hac
1044 1654 1114 1711 arte
1147 1642 1314 1712 cicuratas
1340 1660 1375 1714 et
1400 1642 1553 1714 delinitus
1582 1638 1772 1730 chosroes,
1809 1664 1929 1739 pacem
1958 1667 2038 1740 per·

751 1760 890 1845 petuam
917 1741 1094 1840 spopondit
1119 1762 1185 1810 -t
1227 1746 1369 1814 Lazicoe
1402 1758 1516 1813 tamen
1552 1737 1681 1813 castella
1708 1747 1843 1834 negauit
1865 1742 1898 1814 se
1924 1741 2037 1815 reddi·
2162 1775 2163 1848 r

750 1860 891 1932 turom3
920 1846 1067 1942 quamuis
1095 1864 1241 1939 aequom
1269 1842 1335 1917 elle
1361 1844 1497 1920 diceret,
1522 1840 1554 1913 se
1579 1868 1598 1913 a
1625 1848 1782 1915 Romanis
1808 1844 2037 1938 Pharangion!

630 1956 664 1965 ''
754 1960 792 2017 et
815 1945 934 2017 Bolum
960 1943 1129 2018 castellum
1156 1950 1319 2043 recipere.
1371 1982 1417 1999 ··-
1448 1947 1571 2017 Omnia
1597 1942 1791 2040 probarunt,
1815 1962 1954 2043 rataque
1979 1945 2038 2019 ha·

753 2045 899 2119 buerunt
924 2049 1036 2139 legati,
1060 2061 1299 2144 praeterquam
1323 2070 1442 2117 vnum:
1477 2046 1566 2145 quod
1589 2071 1717 2145 nempe
1744 2050 1783 2119 ad
1816 2052 1955 2119 Lazicae
1982 2073 2039 2121 ca·
2162 2035 2163 2130 s

754 2146 844 2221 slella
872 2154 1047 2228 attineret,
1074 2164 1257 2239 negarunt,
1284 2173 1325 2219 ea
1349 2147 1382 2219 se
1408 2152 1580 2220 remittere
1605 2150 1698 2245 prius
1725 2146 1828 2246 polle,
1854 2175 1958 2247 quarn
1982 2150 2037 2223 su·
2162 2153 2163 2202 7

753 2272 821 2347 per
853 2249 905 2322 his
940 2246 1078 2343 Augusti
1112 2264 1266 2321 mentem
1297 2245 1507 2346 accepissent
1558 2253 1612 2321 Ad
1642 2249 1676 2321 id
1700 2250 1827 2347 placuit
1852 2251 2037 2333 Rufinum,
2162 2247 2163 2306 ἶ

713 2382 718 2387 ·
752 2354 884 2439 [vnum
913 2378 932 2423 e
959 2353 1105 2444 legatis]
1131 2354 1217 2424 mitti
1243 2354 1456 2445 Byzantium,
1483 2354 1623 2447 eiusque
1650 2350 1794 2423 reditum
1812 2353 1962 2448 collegas
1976 2380 2038 2453 op·
2162 2369 2163 2458 p

752 2454 864 2554 periri.
916 2484 958 2499 -
989 2449 1199 2547 Posteaquam
1226 2456 1425 2549 Byzantium
1451 2451 1587 2525 Rufinus
1618 2456 1788 2549 peruenit,
1808 2454 2036 2537 conditiones,

754 2552 875 2653 quibus
904 2552 1067 2625 chosroes
1095 2551 1200 2625 finem
1228 2554 1317 2626 bello
1342 2558 1518 2651 imponere
1547 2553 1699 2630 volebat,
1732 2558 1903 2654 proposuit
1928 2562 2037 2656 impe·
2162 2565 2163 2574 ’

753 2659 879 2731 satori:
907 2658 1062 2751 quitum
1088 2656 1147 2727 illis
1174 2651 1328 2734 assensus,
1355 2680 1474 2755 pacem
1501 2658 1659 2747 componi
1684 2658 1778 2728 iussit.
1828 2695 1872 2715 ·-·
1901 2652 2039 2763 [Lege⁴
2162 2665 2163 2706 l

753 2760 797 2831 tis
823 2755 966 2838 Nisibin,
992 2776 1028 2830 vt
1054 2782 1176 2855 pacem
1202 2756 1376 2837 sancirent,
1403 2751 1884 2861 professis,]interoenerunt
1908 2764 1967 2833 tali
1985 2788 2039 2833 re·
2162 2755 2163 2846 J

753 2884 831 2935 rom
862 2858 1000 2931 articulo
1034 2860 1163 2931 litterae
1189 2856 1375 2942 Iustiniani,
1413 2848 1471 2930 suo
1495 2862 1529 2931 in
1556 2864 1698 2932 Lazicae
1722 2858 1853 2933 cassella
1877 2867 1953 2935 iore
1979 2864 2038 2936 de·
2162 2857 2163 2944 ἷ

755 2956 886 3043 cessisse,
911 2964 976 3033 iam
1003 2962 1229 3059 poenitentis,
1257 2977 1294 3033 et
1320 2960 1510 3032 oratoribus
1538 2962 1657 3035 diserte
1669 2963 1868 3056 mandantis,
1894 2989 1940 3035 ne
1957 2962 2036 3037 Per·

755 3063 797 3139 sis
833 3086 874 3133 ea
906 3061 1153 3135 concederent:
1196 3062 1228 3132 id
1262 3088 1345 3133 vero
1378 3053 1561 3136 chosroem
1588 3088 1608 3133 a
1640 3060 1744 3133 slodio
1775 3070 1866 3161 pacis
1900 3068 2036 3139 auertit.

703 3251 706 3258 ¹
757 3198 803 3222 ι-
828 3170 1078 3257 [Hermogene
1103 3166 1228 3235 iterum
1252 3161 1293 3234 ad
1321 3162 1504 3236 Chosroem
1530 3165 1641 3256 legato
1668 3160 1780 3255 millo,
1806 3190 1870 3264 par
1894 3168 2039 3240 tandem

753 3277 924 3366 perpetua
947 3263 1131 3368 composita
1156 3262 1214 3352 est,
1240 3273 1301 3356 et]
1326 3265 1441 3338 Persae
1467 3266 1625 3342 Romanis
1652 3268 1792 3340 Lazicae
1819 3265 1950 3344 cassella
1975 3285 2042 3368 trag
2162 3382 2163 3385 Ἴ

756 3367 924 3442 diderunt.
994 3441 1004 3459 x

551 3524 736 3636 „nti-mg
1157 3571 1161 3578 ‚
1318 3493 1354 3583 5.
1415 3497 1473 3565 se.

511 3665 517 3678 -
574 3620 738 3691 sussurrant·
880 3691 883 3698 .
1287 3642 1319 3690 a.
1345 3622 1383 3694 C.
1419 3635 1501 3713 539.

674 3709 722 3778 ¹⁶
854 3743 1058 3828 [sananti
1092 3735 1317 3812 defessionem
1351 3739 1577 3829 meditantes,
1615 3735 1656 3810 ad
1689 3735 1871 3815 Chosrotm
1906 3733 2037 3840 legatos

754 3837 903 3910 mittunt
952 3843 1073 3936 quiin
1105 3847 1256 3914 oratione
1289 3841 1433 3914 adeum
1465 3842 1800 3930 habitaioteralia]
1856 3837 1968 3932 Quae
1987 3850 2037 3916 in·
2162 3866 2163 3869 ’

755 3937 898 4034 dignitas
925 3937 972 4011 ell
996 3945 1204 4040 [inquiunt]
1229 3959 1369 4015 naturae
1390 3969 1505 4016 rerum
1530 3945 1698 4015 contraria
1721 3969 1786 4016 nec
1810 3947 1920 4018 verbis
1942 3945 2037 4020 facile

756 4040 969 4138 explicabilis,
995 4039 1118 4117 docem
1144 4051 1333 4118 Romanum
1358 4043 1547 4144 praeposuit
1570 4043 1818 4130 [lollinirmos]
1841 4048 2037 4120 miserorum
2162 4084 2163 4135 j

755 4143 925 4218 lazorum
950 4147 1034 4238 regi.
1081 4181 1129 4202 -·
1154 4142 1193 4220 si
1217 4151 1265 4222 vis
1292 4148 1428 4227 discere,
1452 4146 1587 4248 qualem
1612 4145 1642 4222 se
1668 4145 1730 4248 sois
1752 4145 1915 4247 praebeat
1936 4152 2037 4323 elipe·

1141 4270 1158 4295 ⁸·
1951 4270 1977 4325 tl
2000 4271 2037 4322 ll!

767 4449 771 4456 '
800 4461 844 4520 ις.
869 4459 1066 4510 raccorrvs
1094 4447 1130 4510 de
1153 4447 1185 4512 Β.
1208 4449 1239 4514 Ρ.
1262 4468 1291 4534 p.
1316 4455 1374 4527 64·
1420 4433 1499 4512 inter
1521 4462 1550 4510 et
1573 4444 1765 4530 Romanoq,
1788 4448 1960 4530 imperante
1962 4446 2039 4536 sex·

759 4537 809 4599 66.
1284 4564 1291 4573 ·
1421 4545 1488 4602 tum
1520 4536 1585 4598 inm
1615 4553 1727 4598 annum
1756 4534 1945 4618 lastiniam:
1972 4537 2037 4601 Per

788 4614 833 4702 f)
857 4617 924 4678 Hoc
955 4637 1033 4678 anno
1065 4636 1166 4700 pacem
1195 4615 1303 4682 feam
1333 4617 1375 4678 ait
1422 4641 1490 4687 tam
1514 4619 1649 4686 Romani
1669 4622 1833 4704 pecunias,
1858 4621 2037 4704 Pharangi-

758 4703 884 4788 trecop.
915 4704 952 4767 de
981 4703 1067 4772 M.
1102 4725 1130 4787 p.
1157 4712 1200 4778 65.
1243 4703 1374 4766 videet
1421 4726 1475 4775 em
1511 4717 1541 4772 et
1571 4709 1681 4772 Bolum
1713 4724 1815 4772 arcem
1839 4705 1940 4794 Perses
1962 4707 2037 4774 red-

757 4807 788 4870 p.
813 4799 856 4859 86.
882 4792 913 4852 in
936 4789 1165 4874 Epitomeslibri
1187 4795 1210 4853 1.
1234 4785 1371 4852 debello
1421 4793 1582 4870 disserant,
1616 4803 1648 4857 et
1676 4790 1710 4855 hi
1740 4793 1861 4880 vicifflm
1884 4795 2037 4865 Romam's

757 4874 832 4936 Pers.
857 4879 908 4943 vbi
932 4879 1002 4938 haec
1027 4875 1181 4964 leguntur?
1202 4875 1372 4963 constituta
1419 4885 1453 4949 in
1473 4877 1635 4956 Lazarum
1657 4874 1770 4956 finibus
1791 4875 1914 4962 oppida.

752 4959 904 5050 passaque
920 4982 993 5050 pax
1016 4963 1070 5030 illa
1086 4972 1237 5052 perpetua
1255 4961 1374 5045 [Besae
1466 4974 1513 5036 16.
1535 4966 1578 5033 ld.
1602 4963 1678 5032 ibit.
1701 4986 1732 5050 p.
1749 4983 1795 5048 93,
1816 4985 1867 5044 94.
1979 5004 1987 5018 ·
