4592 6400
755 894 966 986 aaran
1010 898 1109 985 νει
1497 897 1557 1000 es
1647 870 1652 877 ’

263 1190 381 1305 ibique
409 1214 537 1281 tantam
562 1196 756 1315 reposuisset
779 1106 1058 1291 amgudsdm,
1078 1215 1126 1289 tt,
1149 1188 1294 1283 cumin
1316 1204 1476 1312 praedam
1487 1201 1553 1288 ito.
1561 1104 1753 1281 winidis&

262 1316 373 1386 manis
400 1334 441 1383 ca
466 1304 648 1391 cessissent.
687 1310 818 1409 cuique
843 1312 989 1387 miiitum
1023 1312 1174 1385 virorum
1205 1320 1355 1414 quinque
1385 1330 1552 1395 armamra
1604 1288 1718 1409 ”9¹¹

261 1412 471 1511 obtigerintt
499 1417 650 1513 quamuis
677 1415 780 1486 muita
806 1418 839 1487 in
867 1440 946 1487 arce
971 1412 1219 1508 conflagrarint.
1272 1422 1450 1495 Praeterea
1481 1442 1554 1497 ma·

228 1582 234 1591 .
261 1540 350 1616 gnus
378 1521 536 1591 inuentus
564 1516 609 1589 esi
639 1514 798 1592 frumenti
825 1542 984 1591 numerus
1012 1532 1047 1590 et
1074 1520 1224 1613 carnium
1248 1516 1313 1595 saie
1336 1522 1551 1603 conditarum

261 1638 489 1715 caeteraeque
515 1620 564 1689 rei
595 1616 736 1693 cibariae
762 1623 881 1717 copia,
915 1644 1002 1719 quae
1028 1618 1208 1705 omnibus,
1231 1625 1463 1723 quinquennio
1487 1626 1552 1703 ob·

261 1718 360 1803 sessis,
387 1716 572 1793 suffecisset
624 1722 750 1793 Vinum
776 1720 834 1794 fibi
860 1748 927 1795 non
954 1723 1176 1823 prouiderant
1198 1722 1323 1805 Persae,
1348 1725 1551 1807 scdtantum

261 1842 400 1899 acetum
428 1836 463 1895 et
487 1822 560 1896 satia
588 1820 721 1920 filiquae
750 1821 812 1924 (ex
838 1827 1039 1921 quarinum
1067 1823 1311 1921 conficerent).
1337 1824 1406 1901 Vbi
1425 1853 1550 1926 aquam

260 1930 406 2003 Romani
432 1928 467 1997 in
492 1923 576 1997 'vrbe
604 1950 645 1996 cx
671 1928 775 1999 canali
802 1922 935 2001 sirnstiii
960 1944 1157 2000 manantem
1183 1925 1550 2009 videruntvehcmenti
1642 1946 1647 1954 ’

258 2028 478 2104 admiratione
505 2024 603 2099 defixi
629 2026 788 2125 haesere,
828 2028 938 2102 donee
964 2050 1016 2100 ars
1041 2028 1183 2102 occultis
1208 2028 1376 2107 eanafibus
1402 2032 1551 2112 adbibita

257 2135 390 2233 patuita
421 2130 512 2230 quod
539 2128 617 2229 quid
641 2132 693 2203 rei
717 2130 767 2223 fit,
793 2126 896 2205 modo
923 2131 1044 2205 dicam·
1546 2149 1553 2162 ·

369 2326 520 2423 Quando
555 2330 719 2407 Chosro'ta
754 2336 889 2409 Petram
917 2362 935 2411 a
961 2334 994 2411 sc
1028 2348 1256 2442 expugnatam
1284 2332 1449 2436 pracsidio
1472 2341 1550 2415 mni

258 2436 330 2519 niit,
351 2442 423 2535 'pro
448 2452 543 2513 certo
571 2435 711 2515 habens,
737 2441 905 2511 Romanos
932 2464 1005 2511 eam
1029 2436 1155 2513 viribus
1181 2438 1549 2521 omnibnsobscssuros‚

256 2533 435 2639 statimqne
474 2538 667 2611 admoturos
707 2564 843 2612 manum
876 2540 1107 2615 intercidendo
1132 2564 1280 2641 propere
1305 2538 1549 2641 pquaedudiuia

257 2638 345 2715 haec
371 2644 581 2735 excogitauit.
638 2639 793 2737 Aquam,
817 2668 904 2735 quae
930 2650 963 2720 in
990 2644 1110 2717 vrbem
1136 2642 1367 2721 inducebatur.
1394 2648 1548 2743 triperti-

254 2756 292 2817 to
321 2744 440 2823 diuisit,
466 2744 631 2839 dudiaque
656 2742 734 2814 sosia
760 2740 918 2823 aitiffima,
944 2744 1074 2817 canales
1100 2740 1282 2819 consirnrit
1306 2760 1399 2818 trcat
1435 2768 1547 2821 vnum

255 2847 396 2943 quidem
424 2850 457 2917 in
483 2848 549 2917 ima
575 2842 670 2919 sosia:
699 2870 799 2941 quem
825 2871 903 2917 oum
930 2844 971 2919 ad
997 2848 1141 2920 mediam
1167 2872 1274 2944 taque
1300 2846 1413 2921 fossam
1434 2850 1547 2923 meno

254 2948 488 3047 sapidibasqne
515 2942 660 3025 texisset,
688 2946 812 3019 ibidem
843 2949 985 3021 aiterum
1014 2946 1146 3021 abdidit.
1196 2950 1360 3022 Tertium
1383 2972 1469 3023 vero
1493 2946 1546 3023 iiii

254 3051 418 3151 imposuit
442 3048 483 3121 ab
510 3048 615 3121 hasmo
639 3046 839 3128 exstantem,
877 3048 1060 3125 subietium
1087 3050 1193 3123 oculis
1219 3054 1395 3141 omninm3
1435 3052 1480 3124 ita
1506 3064 1547 3127 vt
1628 3066 1639 3075 “

255 3150 482 3252 aquaedudius
509 3150 628 3248 tripiici
655 3153 947 3224 concameratione
972 3148 1140 3226 disiinsiua
1166 3156 1303 3226 occuite
1328 3150 1419 3228 esset
1461 3145 1544 3226 'Cu-

252 3256 306 3328 ins
335 3256 387 3327 rei
413 3251 501 3326 inscii
525 3257 677 3334 Romani,
703 3253 881 3327 obsidionis
908 3256 1014 3337 initio,
1043 3270 1144 3352 rupto
1169 3253 1272 3326 cantii
1297 3254 1376 3339 ino,
1399 3251 1455 3349 qni
1481 3277 1546 3352 ap·
1629 3321 1651 3330 ,

251 3357 406 3461 parebat,
431 3353 544 3428 fossam
570 3357 669 3428 astina
697 3381 766 3426 non
779 3353 996 3448 subegerunt,
1023 3351 1544 3454 sedprinsabeuntcsincoepto.

251 3485 357 3558 quam
382 3481 470 3554 opus
496 3461 632 3555 penitus
660 3455 896 3535 destruxissent,
922 3455 979 3530 nbi
1005 3455 1254 3554 persuaserunt,
1280 3481 1367 3556 aqua
1391 3457 1457 3526 iam
1485 3479 1542 3528 ca·
1669 3458 1672 3466 '

252 3588 327 3636 rcra
355 3555 512 3640 obsessos,
536 3561 637 3632 inerti
661 3563 787 3638 incuria
811 3557 923 3632 salsam
949 3559 1009 3631 iilis
1025 3555 1194 3633 offerente
1205 3562 1414 3656 opinionem.
1443 3561 1541 3634 Dum

252 3662 463 3765 protrahitur
488 3660 625 3750 obsidio,
650 3665 802 3742 Romani,
829 3661 997 3733 nonnuliis
1024 3659 1166 3734 hostium
1193 3663 1311 3760 captis,
1337 3661 1378 3736 ab
1390 3655 1470 3758 ipsis
1483 3687 1540 3750 rcg

250 3771 379 3858 stiunt,
414 3761 557 3838 obsessos
584 3789 624 3834 ex
649 3763 854 3862 aquaedudu
880 3763 1024 3836 haurire.
1077 3763 1309 3848 Quamobrem
1335 3763 1450 3836 iocum
1477 3787 1540 3858 ag·

249 3855 350 3966 gsr‘esii
377 3863 518 3947 sedere,
549 3863 751 3964 suppostum
778 3865 928 3938 canalem
953 3865 1096 3939 aiterum
1122 3859 1322 3943 offendunt,
1353 3887 1462 3962 coque
1487 3867 1539 3936 in·

250 3967 327 4054 tiso,
357 3967 401 4042 de
426 3965 573 4040 hosiibua
601 3969 706 4038 osium
734 3968 936 4046 existimant,
961 3967 1088 4040 nussum
1114 3977 1136 4040 ι’
1158 3966 1323 4066 prioribus
1342 3964 1384 4038 ad
1400 3963 1539 4061 sequen·

249 4063 294 4150 tia
325 4071 572 4144 documentum
604 4071 785 4145 trahentes.
853 4065 969 4142 Posiea
994 4071 1092 4168 potiti
1117 4067 1217 4153 arbe,
1249 4082 1287 4141 vt
1311 4081 1509 4141 manantem
1523 4108 1562 4154 ,-

250 4171 537 4275 quemadmodum
564 4173 639 4253 diri,
667 4199 709 4246 ex
737 4171 841 4244 cana¹i
866 4197 985 4270 aquam
1012 4171 1179 4259 viderunt,
1206 4168 1459 4270 obstupuerunt,
1483 4168 1538 4242 su·

249 4277 354 4379 spenfi
393 4278 600 4369 ignoratione
637 4273 777 4360 causae,
814 4299 914 4374 quarn
941 4299 959 4344 a
986 4277 1124 4371 captiuis
1156 4270 1292 4362 edesii,
1329 4272 1475 4345 hostium
1499 4273 1537 4345 in

247 4378 414 4480 operibus
440 4377 617 4450 moliendis
649 4379 877 4472 diligentiam,
915 4375 1074 4474 suamquc
1098 4378 1135 4448 in
1157 4366 1309 4478 suscepto
1335 4373 1449 4452 labore
1475 4397 1546 4450 nce

251 4485 465 4584 giigcntiam,
488 4507 527 4555 rc
552 4483 618 4554 iam
643 4476 791 4586 poradta,
816 4493 1061 4576 cognorerunt
1145 4547 1151 4558 .

822 4685 856 4775 ᾖ
909 4703 965 4774 5⁷·

296 4813 304 4824 ·
366 4787 523 4861 Protinus
556 4783 662 4862 isesias
696 4787 848 4886 captiuos
874 4807 989 4858 omnes
1019 4779 1058 4854 ad
1082 4783 1323 4880 imperatorem
1349 4771 1460 4863 misit,
1494 4797 1540 4864 ‘ac

252 4883 376 4966 Petrae
400 4893 537 4966 moenia
563 4889 673 4976 diruit,
699 4919 743 4967 ne
769 4887 883 4968 Persae
909 4887 1085 4980 negotium
1109 4883 1222 4960 denuo
1247 4878 1454 4958 facesserent.
1482 4878 1540 4949 As

892 4993 955 5068 1³
1391 4979 1541 5058 sensns·
