4592 6400
702 903 807 987 ποθ’,
1116 897 1556 974 mslmlnulca:

548 1106 632 1197 Imp·
1140 1094 1147 1104 ’
1231 1125 1259 1184 a·
1289 1103 1330 1176 C·
1369 1115 1449 1192 556·

490 1205 678 1279 wrmes-
697 1201 803 1280 rllum
841 1223 997 1281 murmur
1027 1195 1221 1276 audiebatur
1246 1231 1310 1277 ···-.
1373 1203 1442 1276 Nifi
1469 1203 1560 1276 enim
1585 1203 1630 1274 ita
1656 1223 1727 1272 rem
1751 1195 1980 1284 instituissent?

533 1287 633 1354 ’Μ’
696 1306 871 1402 senllrsque
897 1306 1012 1411 aliquis
1037 1329 1167 1405 eorum,
1195 1329 1281 1402 quae
1296 1302 1434 1383 fiebant,
1460 1305 1500 1376 ad
1526 1305 1741 1378 excubitores·
1759 1303 1982 1401 pentenllse't,

695 1411 744 1486 illi
767 1408 905 1480 omnino
927 1411 1105 1501 ingentem
1132 1407 1274 1504 aliquam
1303 1423 1435 1506 petram
1463 1403 1713 1483 detur-ballene,
1748 1431 1834 1503 quae
1860 1406 1896 1476 inv
1922 1407 1982 1477 de·

693 1511 786 1604 cliue
808 1507 986 1605 prouoluta
1012 1510 1107 1584 facile
1133 1532 1280 1603 omues,
1320 1511 1377 1604 qui
1402 1507 1523 1580 sursum
1550 1506 1765 1585 nitebantur,
1803 1504 1979 1584 collifisset.

598 1673 602 1680 .
638 1605 642 1615 '
692 1608 899 1688 -Barbari
925 1636 1029 1691 vero,
1068 1634 1146 1682 cum
1175 1609 1255 1680 nihil
1289 1606 1495 1681 incommodi
1522 1627 1577 1682 aut
1604 1608 1744 1706 periculi
1772 1608 1981 1680 animaduer-

693 1723 821 1888 perent,
844 1711 953 1790 rursus
979 1711 1021 1785 ad
1044 1710 1088 1793 id,
1115 1712 1205 1817 quod
1232 1715 1377 1785 amicum
1404 1727 1491 1806 erat,
1523 1711 1556 1788 se
1584 1723 1835 1812 conuerterunt,
1862 1708 1979 1783 secure
2080 1696 2100 1720 ⁸

718 1815 913 1890 ormicntes.

1288 2081 1296 2098 .
1351 2047 1406 2096 r.

802 2127 901 2196 Tum
931 2123 1044 2224 itaque
1076 2123 1244 2214 Romani,
1264 2019 1352 2198 §illos
1372 2051 1432 2196 lta
1465 2121 1500 2194 in
1525 2119 1677 2194 somnum
1710 2113 1833 2193 effusos
1858 2113 1981 2197 adorti,

693 2222 861 2299 trucidant
896 2249 974 2295 cum
1009 2223 1112 2303 allos,
1150 2242 1224 2296 tum
1259 2227 1358 2298 etiam
1390 2223 1483 2296 illurn
1517 2222 1759 2314 semiuigilem,
1796 2235 1833 2291 rt
1857 2221 1977 2316 aliquis

693 2323 802 2427 spsum
826 2351 890 2434 per
915 2327 1029 2396 iocum
1055 2326 1286 2423 appellauerit;
1325 2351 1362 2398 ac
1390 2327 1546 2422 deinceps
1573 2323 1740 2422 intrepide
1761 2315 1981 2420 prr‘rgredien·

687 2435 762 2513 tes,
783 2453 848 2526 per
872 2427 964 2498 vicos
992 2425 1132 2499 domum
1162 2419 1268 2500 diffusi
1291 2425 1384 2500 sunt,
1409 2421 1570 2525 smulque
1596 2423 1678 2521 tuba
1703 2420 1866 2496 classicum
1892 2423 1979 2519 ceci·

692 2531 756 2616 nit
805 2553 872 2628 quo
899 2527 1063 2611 exaudito,
1092 2526 1272 2602 Misimiani
1299 2532 1445 2604 nouitate
1469 2533 1519 2599 rei
1545 2526 1619 2598 sunt
1642 2524 1799 2623 perculll3
1826 2547 1894 2622 quo
1921 2547 1982 2593 ve·

691 2644 733 2703 ro'
758 2631 792 2699 in
819 2629 903 2704 statu
927 2651 981 2703 res
1008 2627 1121 2712 essent,
1153 2629 1350 2718 nescientes,
1377 2632 1510 2701 excitati
1533 2645 1648 2700 tamen
1675 2634 1762 2701 inter
1787 2627 1852 2699 sese
1881 2627 1973 2694 coire

695 2728 911 2820 nitebantur,
946 2747 981 2803 et
1005 2732 1085 2801 alios
1113 2729 1248 2802 aliunde
1273 2729 1480 2830 prosilientes
1508 2753 1727 2824 congregare.
1780 2733 1829 2801 At
1856 2731 1982 2801 Roma·

694 2833 751 2909 ni,
776 2835 812 2906 in
838 2830 914 2935 iplls
941 2827 1100 2906 vestibulis
1127 2837 1370 2912 occurrentes,
1395 2848 1430 2902 et
1455 2829 1703 2930 quodammodo
1730 2828 1865 2900 ensbus
1887 2827 1980 2923 ipsos

696 2935 923 3034 excipientes,
948 2935 1123 3024 ingentem
1150 2932 1294 3026 stragem
1320 2932 1508 3006 ediderunt.
1555 2935 1622 3008 Alii
1644 2927 1734 3006 enim
1761 2935 1826 3004 iem
1860 2923 1978 3034 agrqss

694 3031 804 3117 llatlm
830 3033 1126 3120 interficiebantur,
1154 3051 1190 3108 et
1216 3059 1296 3107 mox
1322 3037 1385 3115 alii,
1412 3037 1609 3133 rursumque
1636 3035 1687 3108 alii
1707 3033 1887 3133 atquealii3
1914 3052 1979 3102 ne·

694 3159 761 3249 que
793 3137 855 3211 vlla
888 3154 961 3210 erat
992 3136 1101 3211 caedis
1137 3141 1302 3217 remissio,
1345 3141 1502 3211 omnibus
1535 3134 1738 3232 urgentibus.
1793 3141 1862 3211 sam
1896 3157 1979 3207 uero

696 3242 799 3314 etiam
833 3241 954 3317 multae
988 3242 1133 3313 seminas
1166 3239 1270 3311 stratis
1298 3235 1440 3323 effusae,
1479 3267 1555 3313 cum
1583 3262 1707 3331 magno
1734 3240 1857 3311 eiulatu
1886 3236 1978 3309 sorae

697 3341 924 3414 confluebant.
978 3340 1043 3414 Sed
1069 3368 1181 3439 neque
1209 3342 1249 3415 ab
1278 3341 1327 3411 his
1356 3342 1559 3414 abstinebunt
1583 3346 1735 3421 Romani,
1760 3345 1808 3411 ira
1831 3339 1976 3437 abrepti,

693 3437 752 3515 sed
779 3442 998 3513 crudelissime
1035 3446 1136 3515 etiam
1163 3444 1226 3513 liae
1254 3446 1433 3515 trucidatae
1458 3449 1606 3515 virorum
1633 3444 1820 3516 sceleratam
1847 3456 1981 3541 proter·

695 3544 785 3615 niam
826 3542 971 3615 luebant.
1021 3548 1096 3613 Vua
1135 3536 1247 3617 autem
1289 3570 1329 3613 cx
1372 3547 1630 3637 elegantioribus
1668 3544 1839 3617 accensam
1865 3544 1979 3617 secerni

694 3666 797 3717 manu
826 3642 979 3737 gestans,
1004 3644 1099 3715 valde
1126 3644 1303 3741 conspicue
1326 3646 1512 3719 incedebat.
1563 3648 1630 3720 Sed
1656 3652 1755 3718 etiam
1784 3648 1865 3718 baec
1885 3642 1980 3716 lraste

696 3758 853 3820 ventrem
891 3742 1061 3820 transfossa
1100 3746 1281 3818 miserrime
1315 3751 1424 3842 periit.
1473 3752 1708 3821 Romanorum
1733 3775 1815 3820 vero
1840 3746 1980 3844 otidum

695 3864 827 3945 arrepta
854 3845 927 3921 sace
952 3850 1067 3939 ignem
1095 3847 1247 3920 domibus
1274 3847 1429 3931 immifit3
1456 3874 1556 3947 quae,
1581 3868 1619 3924 rt
1643 3868 1739 3925 eram
1764 3850 1912 3942 eligeris
1938 3861 1978 3921 et

695 3947 884 4021 stramentis
914 3948 1099 4033 confertae,
1125 3948 1272 4021 citilllme
1299 3948 1548 4043 conflagrarunt
1556 3982 1570 4043 3
1596 3966 1631 4023 et
1657 3952 1790 4023 flamma
1806 3949 1981 4022 adeoalter

694 4048 818 4125 llrblata
853 4046 921 4136 esl,
958 4071 995 4122 vt
1028 4066 1061 4123 et
1092 4052 1291 4151 Apsiliorum
1319 4056 1410 4143 genti
1438 4054 1572 4153 aliisque
1597 4052 1859 4136 remotioribus,
1889 4068 1980 4149 qnae

696 4150 918 4259 gerebantur,
947 4156 1131 4223 nunciaret.
1905 4184 1907 4189 ·
1978 4168 1996 4189 ’-

802 4251 900 4325 Tum
939 4252 1074 4351 quidem
1114 4270 1150 4325 et
1185 4254 1295 4325 multo
1327 4256 1477 4333 'atlocius
1510 4253 1643 4329 barbari
1669 4259 1782 4355 pallius
1806 4254 1973 4356 peribant.

693 4348 768 4448 Qui
794 4360 886 4425 enirn
912 4353 1002 4429 domi
1028 4354 1230 4432 manserant,
1265 4357 1586 4442 concremabantur,
1612 4360 1671 4432 vel
1692 4358 1834 4433 aedibus·
1853 4356 1977 4429 obrue.-

669 4453 838 4541 .bantur;
876 4458 1034 4552 quivero
1062 4484 1080 4528 e
1107 4456 1262 4529 domibus
1290 4458 1512 4556 proruebant,
1538 4464 1579 4531 iis
1604 4478 1746 4559 paratior
1772 4461 1817 4533 ab
1840 4458 1980 4531 enllbael

694 4558 850 4629 interitus
876 4558 1078 4631 imminebat
1135 4561 1236 4631 Multi
1262 4582 1342 4631 vero
1369 4564 1466 4659 pueri
1492 4567 1662 4654 vagientes
1686 4564 1830 4661 suasque·
1849 4579 1982 4634 rrr‘uurea¹
1998 4550 2025 4595 ⁸

694 4658 915 4735 inclamantes
951 4660 1380 4759 rapiebantur31tqueex
1408 4663 1458 4735 his
1485 4666 1618 4760 quidem
1643 4666 1694 4736 alii
1723 4668 1827 4763 petris
1854 4662 1972 4736 aude

696 4756 773 4831 liter
796 4760 863 4831 illisi
891 4761 1142 4843 dilaniabantur,
1167 4762 1217 4834 alii
1244 4788 1325 4833 vero
1350 4759 1453 4837 rellrti
1478 4788 1545 4861 per
1566 4768 1681 4839 luduin
1706 4772 1740 4839 su
1759 4764 1982 4839 altamrieut'«

695 4881 737 4933 ac
766 4857 886 4938 deinde
919 4867 1074 4967 pondere
1106 4860 1264 4941 deorsum
1293 4863 1400 4972 delut-
1413 4866 1728 4971 eeeisquotutu
1746 4868 1980 5051 eaeepstiffiip

1534 5024 1540 5033 ,
1858 4994 1881 5044 u
1918 4988 1975 5047 rml

1422 5136 1439 5173 ὃ
