4592 6400
338 900 1627 994 *mm

342 810 1628 1234 dididdtiirdtiiiQd

414 1622 451 1709 ι

614 1341 1336 1687 irruptam.

274 1826 282 1838 '
343 1776 627 2021 §Nssvuc
663 1822 848 1931 tandem,
867 1826 960 1941 post
990 1824 1168 1935 longum
1196 1825 1345 1915 odo
1310 1830 1470 1917 circiter
1487 1856 1616 1921 auno·

337 2039 388 2107 V
407 1983 447 2095 ᾗ
471 2036 518 2101 V
549 1984 673 2063 rum,
707 1982 758 2041 ex
790 1980 877 2069 quo
908 1956 1068 2041 Primus
1110 1955 1411 2043 Memoriamm
1440 1961 1613 2049 Tomur

393 2115 461 2185 am
543 2088 775 2199 apparuit,
810 2078 1006 2197 spatium,
1038 2078 1236 2187 Quartum
1270 2084 1382 2172 hune
1430 2116 1613 2239 eumque
1665 2146 1673 2168 ,

336 2216 531 2303 vltimum
585 2218 740 2343 emitto.
809 2210 1068 2347 Longiorem
1120 2240 1283 2301 moram
1333 2215 1420 2303 aliis
1469 2223 1612 2331 potius

337 2348 510 2451 cauffiS,
551 2368 653 2458 quas
701 2341 769 2429 hie
818 2336 1061 2429 enumerare
1112 2340 1212 2428 nihil
1260 2347 1428 2451 attinet,
1481 2364 1610 2461 quam

326 2502 456 2599 meae
508 2472 714 2575 tarditati,
748 2470 942 2585 siquis,
983 2494 1187 2584 quantum
1232 2476 1377 2585 primis
1424 2500 1610 2588 quatuor

336 2608 454 2691 annis
492 2604 790 2715 praestiterim,
839 2626 863 2685 e
901 2594 1168 2685 Praefatione
1216 2605 1352 2713 primo
1403 2602 1607 2693 volumini

333 2730 566 2850 praemiisa
581 2728 789 2815 reeordari
834 2726 1044 2835 voluerit,
1074 2730 1365 2843 imputandam
1397 2732 1504 2841 eiie,
1534 2732 1608 2825 fibi

321 2860 455 2961 facile
487 2854 720 2973 persuaderi
754 2860 946 2997 patietur.

481 3008 547 3095 De
579 3036 706 3121 opere
737 2998 826 3121 ipso
860 3030 968 3120 quae
1001 3004 1191 3097 vniuerse
1236 3008 1410 3098 dicenda
1459 3034 1609 3120 erant,

335 3142 347 3163 ⁰
331 3138 476 3228 milia
509 3133 764 3226 Praefatione
797 3134 912 3244 dixi,
948 3143 1003 3225 ita
1037 3163 1080 3227 vt
1103 3136 1157 3225 de
1202 3136 1336 3228 Tertio
1370 3166 1531 3230 tantum
1564 3166 1611 3231 et

260 3323 264 3331 -
334 3267 492 3374 Quarto
520 3269 696 3372 Tomo,
730 3293 829 3350 nam
861 3263 914 3349 de
944 3268 1083 3353 Primo
1120 3290 1164 3352 et
1190 3267 1385 3354 Secundo
1418 3269 1517 3357 nihii
1535 3269 1609 3358 ha·

330 3397 416 3486 beo
448 3395 610 3504 dicere,
643 3419 778 3510 pauca
809 3391 1014 3509 quaedam
1044 3391 1248 3484 Leuores
1289 3395 1487 3553 monendi
1525 3397 1612 3488 eise

331 3525 565 3619 videamur.

479 3699 693 3764 aaurlvs
728 3669 896 3788 quidem
926 3671 1096 3760 Tomus
1129 3671 1268 3786 primo
1303 3669 1399 3760 ioco
1435 3669 1606 3769 Turrita

330 3803 400 3896 seu
433 3807 661 3894 Memoriae
697 3799 943 3890 Tureo'rum
978 3799 1115 3912 habet.
1147 3799 1363 3918 inquibus
1381 3802 1411 3889 ιι
1426 3831 1450 3890 a
1466 3813 1604 3921 prima

328 3937 404 4028 aila.
428 3937 541 4050 iege,
575 3957 658 4050 qua
693 3935 849 4036 omnia,
884 3957 990 4046 quae
1008 3931 1060 4018 de
1078 3931 1243 4046 populo
1268 3929 1453 4048 quodam
1466 3925 1604 4051 S'crip·

331 4093 442 4158 tores
493 4065 709 4178 Byzantini
758 4065 983 4184 memoriae
1031 4059 1336 4176 prodiderunt,
1370 4063 1602 4155 exhibenda
1739 4145 1742 4148 ,

329 4224 467 4301 erant,
504 4188 708 4281 disceffiiie
740 4189 912 4306 videar3
949 4217 1047 4278 cum
1076 4195 1299 4278 memorias
1328 4187 1437 4278 iliius
1467 4199 1620 4308 gentis·

327 4355 417 4416 non
450 4321 558 4411 vltra
589 4325 700 4410 initia
730 4325 891 4436 imperii
923 4317 1127 4408 Osmanici
1145 4320 1431 4443 perduxerim:
1461 4351 1530 4411 me
1545 4322 1603 4412 ab

327 4457 470 4574 aequis
502 4449 780 4558 Ledoribus,
813 4479 911 4540 cum
943 4450 1152 4558 historiam
1179 4451 1427 4540 Turcorum
1448 4463 1604 4544 ‘recen-

328 4591 486 4676 tiorum
520 4577 589 4670 seu
643 4575 958 4669 Osmanicorum
1005 4607 1030 4668 a
1077 4579 1243 4671 consilio
1290 4609 1385 4670 meo
1430 4580 1602 4697 longius

328 4713 491 4826 abeiie,
523 4739 730 4824 cavero,
762 4737 871 4832 quae
910 4709 1053 4820 omisi,
1085 4713 1228 4807 omnia
1264 4737 1292 4801 e
1341 4710 1601 4807 Chaleocun·
1643 4775 1646 4780 ·

901 4845 1047 4960 ):(2
1496 4839 1602 4961 ἅγιε
1844 4819 1894 4852 U
