4592 6400
770 894 973 971 calvi*
1024 897 1115 972 vm.
1516 918 1592 981 ιι)

851 1120 877 1169 Ι·
904 1092 945 1171 Ca
968 1114 1058 1183 555⁸
1654 1100 1737 1185 Imp.

308 1218 381 1293 quo
407 1194 554 1267 exercitu
581 1192 615 1266 in
642 1189 728 1289 ipsos
756 1191 838 1267 milii
865 1216 977 1276 erant,
1004 1202 1069 1268 iam
1096 1191 1319 1275 aduenissent,
1342 1194 1590 1292 perturbatione
1608 1198 1793 1251 ῙῊΤῙΝΙΑ·

307 1320 350 1369 ac
378 1313 473 1367 metu
499 1294 607 1397 pleni,
634 1310 670 1365 et
694 1296 891 1367 confusanee
917 1300 949 1368 in
976 1299 1008 1370 se
1037 1294 1122 1393 ipsos
1148 1297 1313 1376 reuoluti,
1339 1294 1455 1371 seusrn
1482 1315 1589 1371 retro·
1641 1278 1742 1343 ΝΜ·

307 1392 499 1477 cesserunt,
536 1394 728 1495 pedemque
753 1400 950 1471 retulerunt
1001 1394 1106 1485 Qrod
1133 1424 1211 1469 eum
1236 1401 1431 1470 Dilimnitae
1457 1406 1588 1473 eminus

267 1501 276 1517 ‘
306 1516 489 1579 cernerent
529 1495 607 1599 (sub
644 1498 786 1570 mediam
821 1502 912 1571 enim
939 1509 1025 1573 muri
1049 1518 1181 1598 partem
1208 1496 1419 1597 pugnabantl
1461 1492 1588 1597 paucos

306 1599 446 1697 quidem
472 1598 517 1671 ibi
542 1600 771 1694 reliquerunt,
812 1600 936 1675 caeteri
962 1600 1002 1675 ad
1029 1626 1105 1673 eam
1130 1616 1290 1701 partem,
1327 1624 1415 1699 quae
1441 1606 1587 1676 maxime

302 1700 487 1781 laborabat,
512 1698 546 1773 se
572 1703 801 1777 contulerunt.

892 1964 900 1981 .
957 1932 1037 1981 ιιι.

416 2006 553 2105 Augilas
581 2032 661 2081 vero
688 2022 724 2083 et
749 1908 981 2086 Tbeodbru's‚
1020 2012 1250 2081 Romanorum
1276 2006 1404 2088 duces,
1440 2030 1586 2105 quemm

304 2108 410 2179 etiam
435 2128 511 2179 ante
539 2112 689 2189 memini,
716 2110 938 2183 animaduersa
964 2115 1132 2207 paucitate
1154 2134 1287 2198 eorum,
1313 2112 1370 2206 qui
1387 2109 1587 2191 manserant

302 2206 480 2281 confestim
504 2234 584 2283 cunr
609 2210 683 2284 satis
710 2212 816 2285 valido
843 2214 974 2305 agmine
1002 2216 1212 2308 eruptionem
1239 2236 1279 2281 er
1299 2210 1422 2307 oppido
1447 2210 1586 2291 faciunt,

302 2326 344 2383 et
370 2312 546 2383 nonnullos
574 2282 709 2421 qliidem
738 2318 837 2387 etiam
865 2315 1088 2392 obtruncant,
1126 2313 1274 2385 nonnulli
1300 2337 1383 2383 vero
1409 2314 1444 2381 in
1468 2312 1586 2405 sugam

300 2406 338 2483 se
366 2410 547 2498 dederunt3
581 2440 665 2511 quos
696 2414 781 2514 ipsos
807 2418 946 2489 Romani
971 2412 1124 2513 persequi
1148 2439 1218 2486 non
1243 2410 1449 2485 destiterunt.
1497 2414 1586 2485 Dili-

298 2516 431 2585 mnitat
458 2530 570 2587 autem
595 2516 681 2587 haee
706 2516 903 2617 conspicati,
928 2520 985 2615 qui
1013 2516 1118 2587 Persis
1148 2515 1376 2587 laborantibus
1403 2512 1587 2587 auxiliaturi

297 2616 446 2697 inerant,
472 2618 579 2689 rursus
606 2624 638 2691 in
664 2624 867 2690 contrarium
894 2634 1077 2697 vertuntur,
1109 2619 1267 2689 Romanis
1294 2616 1428 2689 obuiam
1453 2616 1503 2687 ire
1527 2640 1586 2688 vo·

299 2714 432 2795 lentes,
473 2720 593 2791 melius
620 2720 866 2817 consultiusque
891 2718 1134 2791 existimantes.
1178 2718 1202 2790 fi
1227 2723 1339 2817 potius
1367 2715 1584 2817 popularibut

300 2814 374 2889 sois
400 2823 673 2917 quamcitissime
699 2820 924 2899 subuenirene
950 2824 1137 2893 inordinato
1162 2816 1269 2893 studio
1293 2816 1466 2918 effusoque
1488 2816 1584 2892 eursu

300 2919 509 3001 serebantur,
534 2926 580 2993 ita
607 2941 645 2995 vt
666 2926 866 2996 indecenter
892 2923 1097 3016 fugientibus
1121 2928 1227 3016 magis
1242 2946 1342 3023 quam
1356 2924 1391 2995 in
1406 2922 1584 2995 alioseuu·

298 3020 393 3094 tibus
427 3019 546 3095 similes
578 3022 781 3097 viderentur.
836 3026 1023 3097 Currebont
1049 3029 1140 3097 euim
1167 3040 1321 3123 tanquam
1347 3024 1409 3095 suis
1435 3022 1583 3115 opitule-
1683 3052 1687 3059 ·

294 3126 380 3205 mari
405 3124 478 3224 plus
502 3140 618 3197 tamen
646 3126 916 3225 perturbationis,
942 3150 1042 3226 qutun
1067 3130 1147 3204 irae,
1177 3151 1259 3224 prae
1284 3126 1317 3197 se
1338 3122 1506 3201 ferebant.

412 3227 580 3300 Persarum
605 3245 719 3300 autem
749 3232 931 3306 exercitus,
968 3245 1005 3298 rt
1030 3233 1096 3298 iam
1124 3231 1401 3326 quamproxime
1426 3223 1503 3323 ipsis
1530 3228 1582 3298 in·
1661 3279 1665 3286 -

298 3323 427 3402 sturae
453 3333 522 3399 acie
548 3327 660 3408 stabat,
686 3355 764 3404 cunr
792 3331 920 3402 videret
943 3331 1131 3402 Dilimnitas
1157 3333 1205 3399 ita
1230 3327 1445 3400 tumultuarie
1466 3341 1501 3399 et
1511 3323 1581 3399 fine

293 3429 421 3502 ordine
448 3430 549 3512 ferri,
576 3457 687 3528 neque
716 3432 813 3514 aliud,
838 3457 939 3529 quum
964 3437 1082 3522 fogere
1110 3453 1188 3510 eos,
1211 3433 1294 3522 rati,
1323 3428 1502 3525 secumque
1527 3454 1582 3500 re·

290 3543 481 3630 putantes,
520 3557 728 3630 nequaquam
768 3535 840 3604 illos
866 3559 949 3604 'eam
981 3531 1221 3630 turpitudinem
1246 3535 1282 3604 iu
1308 3529 1338 3602 se
1363 3527 1579 3616 admissuros,

293 3629 356 3705 nili
382 3643 419 3708 iu
448 3647 631 3706 extremum
664 3635 794 3732 aliquod
818 3645 856 3706 et
880 3633 1312 3730 ineludlabileuptriculum
1344 3632 1475 3705 redasli
1501 3631 1581 3704 suis·

296 3739 409 3808 sentr
433 3750 505 3806 tum
533 3739 649 3830 vtique
674 3741 778 3806 etiam
804 3733 863 3832 ipsr
889 3742 1035 3834 turpiter
1061 3753 1157 3826 terga
1181 3751 1370 3816 vertentes,
1395 3737 1471 3805 lunt
1493 3732 1579 3804 diffi.

295 3844 382 3934 pati,
410 3852 445 3905 et
467 3835 700 3933 praemeditata
728 3839 793 3908 iam
819 3834 1022 3932 obscureque
1048 3837 1266 3926 teutatasuga
1281 3839 1314 3904 in
1329 3851 1483 3932 apertum
1499 3858 1574 3904 eru·

293 3939 358 4034 pit.
408 3933 600 4008 Dilimnitae
628 3941 719 4008 euim
746 3941 831 4008 haec
856 3935 896 4008 de
923 3934 1028 4010 Persis
1056 3943 1254 4035 opinantes,
1286 3935 1397 4006 senor
1417 3929 1483 4007 sese
1509 3934 1576 4006 illia

290 4028 538 4130 adiunxeruut5
564 4061 692 4135 unaque
719 4033 890 4144 sugerunt,
919 4039 1072 4112 salientes
1100 4036 1195 4111 fimus
1220 4054 1257 4110 et
1279 4034 1358 4110 salli.

851 4247 887 4333 9
943 4261 1025 4314 rra.

404 4337 469 4407 Hie
492 4337 602 4436 itaque
629 4337 790 4440 perustis,
825 4345 966 4414 murima
992 4349 1221 4416 Romanorum
1247 4337 1296 4412 vir
1322 4335 1425 4410 muris
1454 4326 1577 4416 effusa,

223 4473 241 4500 t
287 4435 557 4512 manifestiorem
584 4443 753 4516 Persarum
780 4445 896 4535 fugam
922 4439 1075 4524 reddidit,
1100 4446 1206 4536 tergis
1221 4465 1342 4512 eorum
1357 4435 1576 4514 inhaerendo,

289 4553 334 4608 et
357 4557 527 4612 extremos
555 4545 728 4618 metendo.
777 4546 840 4618 Alii
865 4569 948 4618 vero
974 4545 1034 4614 alia
1062 4569 1102 4614 ex
1128 4559 1225 4640 parte
1250 4543 1434 4627 irruentes,
1461 4533 1576 4606 aduer·
1610 4545 1615 4552 '

286 4635 344 4709 sus
373 4639 557 4715 resilientes
584 4645 691 4730 adbuc
718 4660 751 4716 et
774 4645 993 4738 conglobatos
1021 4646 1144 4714 acriter
1168 4639 1378 4740 pugnabant·
1420 4639 1573 4708 Laeuum

291 4741 387 4810 enim
413 4739 627 4817 barbarorum
653 4771 762 4818 cornu
785 4751 849 4817 iam
879 4763 997 4844 aperte
1022 4743 1250 4822 inclinauerat,
1264 4741 1471 4832 solutumque
1482 4749 1573 4821 erat;

287 4841 353 4938 qui
375 4866 457 4918 vero
481 4847 516 4918 iu
542 4845 645 4921 altera
669 4845 805 4929 liabent,
828 4843 997 4922 fortissime
1019 4840 1262 4947 repugnabant.
1290 4837 1469 4942 Elephanti
1481 4838 1573 4910 eninr

1512 4959 1577 5037 Plo
