4592 6400
708 913 1149 1002 MlSIM‘IANlCAs
1496 944 1566 1010 ἰοὶ

616 1191 621 1200 .
721 1133 1091 1214 'a.C.55*6.
1633 1133 1714 1205 nez

280 1211 457 1306 Martinus
485 1241 521 1301 et
543 1221 734 1302 lullinianlrs
764 1234 928 1310 Germani
942 1146 1045 1306 5filiiss
1059 1151 1096 1322 5[
1106 1223 1248 1307 Romani
1268 1225 1404 1330 duces]
1436 1149 1760 1310 eorum-limini·

280 1353 352 1434 que
379 1327 498 1432 copiae
523 1323 713 1405 insidebant.
865 1423 889 1538 ς
1616 1299 1717 1380 ”⁰2

369 1464 373 1472 ⁴
889 1483 899 1514 e
948 1455 984 1526 4.

393 1561 571 1612 rurenses
598 1535 706 1629 [dum
733 1535 866 1618 Persae,
897 1537 938 1609 ad
964 1533 1135 1611 Pbafirlem
1161 1533 1280 1610 vrbem
1307 1536 1399 1619 visis,
1426 1533 1460 1612 ln
1487 1537 1577 1611 Mus·
1606 1524 1624 1574 ²

279 1633 473 1712 elririsrdem
499 1639 622 1712 reuerti
648 1656 836 1730 coguntur,
881 1654 916 1710 et
947 1636 1093 1738 quaeslio
1118 1640 1159 1710 de
1188 1641 1360 1730 Gubazis,
1403 1642 1567 1714 Lazarum

278 1743 396 1830 regis,
432 1739 531 1812 caede
558 1737 720 1830 liabetur]
762 1743 822 1813 viri
850 1741 984 1840 quidam
1012 1747 1216 1838 praecipuae
1244 1741 1332 1813 inter
1358 1741 1567 1814 Mifimianos

278 1844 458 1940 potentiae
484 1843 517 1912 ln
544 1842 686 1917 lberiam
715 1838 754 1910 ad
781 1841 1068 1934 Narboraganum
1094 1865 1172 1914 eum
1193 1836 1427 1938 peruenissent,
1453 1838 1568 1916 omnis

281 1945 313 2013 ei
338 1947 558 2020 nunciarunt,
584 1962 670 2042 quoe
697 1947 729 2014 in
756 1943 968 2016 soterichum
999 1940 1257 2040 perputraslent3
1284 1929 1569 2041 verissimamque

277 2040 359 2114 dem
387 2044 516 2116 causam
541 2043 669 2117 silentio
702 2047 939 2136 occultantes,
976 2045 1128 2117 dicentes
1154 2069 1254 2124 vero,
1293 2045 1405 2142 quod,
1442 2071 1566 2120 cuma

277 2147 389 2217 multo
421 2162 577 2242 tempore
602 2145 771 2219 Persarum
804 2162 917 2242 partes
945 2131 1055 2218 essent
1079 2144 1205 2226 secuti,
1243 2149 1427 2242 ignominia
1455 2141 1567 2220 affice·

277 2264 400 2320 rentur
426 2264 462 2323 et
484 2248 526 2320 ab
552 2248 627 2345 ipsis
656 2248 790 2321 Colchis
816 2256 853 2320 et
875 2273 895 2318 a
920 2249 1103 2330 Romanis,
1150 2263 1250 2344 atque
1284 2251 1372 2319 inter
1397 2245 1564 2325 viliffimoe

277 2346 513 2420 censerentur:
540 2347 677 2422 tandein
696 2375 782 2452 ‘vero
810 2348 1023 2424 soterichum
1049 2345 1154 2445 ipsum
1178 2345 1423 2448 superuenisle,
1452 2349 1562 2426 ierbir

277 2451 418 2546 quidem
447 2472 526 2547 prae
550 2446 582 2522 se
609 2451 776 2525 ferentem
803 2449 891 2548 quod
917 2454 1097 2548 pecuniam
1124 2447 1217 2522 sociis
1238 2449 1429 2523 distribuere
1442 2451 1557 2544 vellet,

277 2575 316 2621 re
348 2568 464 2622 autem
501 2547 593 2649 ipsa,
630 2575 714 2648 quae
738 2554 782 2626 ad
807 2555 993 2652 perniciem
1021 2548 1295 2650 euersronemque
1320 2554 1422 2624 totins
1450 2557 1561 2646 gentis

277 2653 520 2752 pertinebant,
555 2655 761 2729 molientem.
812 2659 901 2726 Cum
935 2661 1045 2751 itaque
1082 2669 1258 2750 oporteret
1284 2679 1346 2724 nos
1372 2651 1562 2748 (dicebant

276 2753 445 2850 oratores)
472 2755 525 2826 vel
552 2755 701 2826 funditus
728 2758 867 2852 perire,
906 2757 959 2826 vel
991 2755 1244 2852 praeueniendo
1270 2757 1439 2828 Romanos
1466 2749 1566 2830 calidi

278 2856 418 2930 sortaffis
446 2880 486 2944 ac
511 2859 702 2957 praeripitis
729 2853 807 2930 iasii
831 2856 1026 2955 opinionem
1052 2854 1139 2951 apud
1166 2858 1344 2930 nonnullos
1380 2859 1565 2941 incurrere,-

277 2981 387 3060 eoque
416 2961 553 3030 nomine
579 2956 667 3029 male
695 2955 818 3039 audire,
843 2975 941 3030 vetus
967 2971 1084 3030 tamen
1110 2957 1262 3032 nollrum
1288 2959 1420 3030 riuendi
1442 2964 1491 3031 ius
1505 2977 1561 3032 re<

277 3065 396 3140 tinere,
427 3079 462 3131 et
487 3061 527 3131 ue
552 3059 654 3131 rebus
682 3057 811 3143 nostris,
823 3073 926 3158 prout
949 3055 1217 3132 consultissimum
1242 3057 1344 3132 visum
1359 3059 1566 3142 fuerisne:

279 3176 398 3246 me1·e;
439 3169 572 3264 potiora
601 3179 636 3232 et
662 3159 814 3233 humanis
837 3159 985 3233 moribus
1011 3161 1286 3233 conuenientio'ra
1313 3161 1492 3255 elegimus,
1517 3161 1566 3236 ἅθ’

277 3266 436 3337 conuiciis
464 3284 497 3335 et
520 3264 803 3335 criminationibus
830 3279 949 3360 parum
975 3262 1117 3337 solliciti,
1153 3268 1267 3361 praeci
1293 3268 1378 3333 uam'
1404 3266 1487 3335 iero
1514 3262 1569 3338 sae·

275 3366 350 3438 lutis
383 3388 500 3438 curam
535 3384 697 3457 gerentes.
747 3370 840 3449 Nam
871 3379 907 3434 et
932 3362 1146 3436 soterichum
1172 3289 1398 3437 ineeisecimui
1433 3366 1566 3463 quique

275 3468 352 3541 r‘um
380 3490 426 3539 eo
453 3469 492 3538 ad
519 3462 587 3539 hoe
608 3483 786 3548 venerant,
813 3478 849 3537 vt
873 3464 1006 3537 illorum
1033 3462 1169 3561 quidem
1194 3468 1347 3539 iniuriam
1377 3462 1568 3539 vindicare·

273 3594 356 3648 mus,
384 3568 566 3641 firmissimo
593 3594 674 3642 vero
700 3568 772 3638 boc·
791 3565 860 3665 ipso
884 3562 971 3639 fallo
998 3566 1253 3641 beneuolentiae
1283 3565 1444 3667 sludiique
1472 3572 1566 3661 ergea

273 3672 387 3745 Persas
424 3687 626 3764 argumento
660 3669 774 3747 edito,
814 3665 984 3761 gloriosus
1011 3666 1235 3743 desciscamus.
1286 3673 1372 3741 Cum
1399 3694 1481 3741 vero
1508 3670 1552 3745 ob
1584 3710 1597 3739 s

272 3772 356 3845 haec
384 3778 497 3845 omnia
521 3796 561 3844 ae
586 3773 766 3869 praecipue
803 3761 877 3841 ‘ob'
905 3768 1135 3865 delesiiqnem·
1161 3772 1199 3842 ud
1226 3768 1336 3841 Persas
1362 3766 1401 3837 b)
1425 3796 1554 3869 nequa·

272 3896 370 3973 quam
401 3872 531 3946 desturi
557 3872 621 3945 snt
643 3870 783 3945 R'omnni
808 3868 842 3942 iri
866 3871 1006 3942 moselle
1042 3871 1159 3949 serre,
1198 3870 1251 3944 led
1279 3888 1377 3969 quarn
1403 3874 1551 3946 citissime

187 4034 193 4044 .
273 4002 333 4049 nos
360 3971 617 4058 insinuaturi,
655 3990 690 4045 et
715 3972 908 4049 uniuersos,
947 3988 1108 4072 quantum
1133 3968 1207 4044 'fieri
1235 3971 1377 4071 abipsa
1412 3976 1561 4070 poteriis

272 4072 434 4151 deleniri:
459 4080 508 4150 tui
534 4072 642 4149 officii
659 4072 715 4150 est,
740 4100 762 4147 o
784 4068 965 4172 praesesle,
991 4100 1052 4146 nos
1071 4075 1216 4167 benigne
1231 4077 1386 4171 excipere
1413 4086 1453 4146 ae'
1470 4095 1562 4173 pror*

273 4194 442 4279 pugnare,¹
465 4194 503 4251 et
525 4202 598 4278 pro‘
612 4179 771 4269 regionis,
798 4181 1005 4273 repropriee
1026 4176 1186 4273 deinceps
1213 4192 1249 4248 et
1273 4172 1428 4255 ubditae,
1442 4175 1549 4249 saluae

273 4284 452 4361 excubare,
478 4303 588 4379 neque
612 4278 786 4371 negligere
812 4276 854 4349 (le
881 4282 1015 4349 interitu
1043 4278 1289 4373 periclitantem
1312 4286 1451 4369 gentem
1478 4282 1561 4353 nou'

272 4400 413 4497 paruam
439 4404 554 4483 neque
577 4374 759 4465 obsuram,
785 4377 838 4451 sed
863 4401 946 4476 quae
974 4402 1160 4459 maximam
1176 4380 1350 4452 utilitatem
1379 4380 1560 4454 verarum*-

272 4486 415 4588 imperio
456 4484 587 4559 adferre
623 4479 731 4585 pollis.
781 4481 876 4557 Nam
906 4495 940 4555 et
969 4484 1023 4553 rei
1050 4479 1189 4557 bellicae
1215 4485 1340 4581 peritos
1366 4504 1429 4554 nos
1456 4478 1559 4554 iacile'

1001 4626 1005 4633 .
1455 4594 1558 4657 coma!

311 4810 339 4857 a
363 4802 558 4857 nonrmaa
583 4811 613 4879 p.
636 4810 776 4861 rae-ua.
986 4781 1032 4882 b)
1059 4810 1108 4869 ra
1131 4774 1299 4889 Melane
1332 4780 1444 4875 seeum

318 4958 471 5071 lismoi:
491 4976 543 5063 Ti
566 4974 627 5070 17
623 4972 638 5059 ζ
975 4986 1009 5081 c
1031 5010 1054 5062 e
