4592 6400
719 930 793 985 220
1011 884 1014 891 ’
1169 900 1548 1013 unzroouvnt

511 1109 682 1265 rvss'ss'n
947 1202 958 1211 ”
1251 1136 1280 1199 t.
1305 1114 1343 1185 ς’
1376 1129 1458 1193 555.

461 1270 467 1281 '
555 1290 652 1353 m
683 1240 781 1357 'pro
809 1254 895 1330 vulso
920 1250 1040 1329 obieci
1066 1265 1101 1325 tt
1127 1270 1349 1353 proruentes,
1376 1252 1479 1325 ficubi
1504 1249 1663 1327 confertis
1689 1248 1814 1350 clypeis
1839 1273 1994 1347 pugnans

716 1362 841 1433 inirent
865 1356 1018 1433 Romani,
1043 1350 1150 1429 statim
1178 1358 1285 1430 aciem
1309 1354 1497 1439 turbabant,
1522 1368 1558 1427 et
1584 1351 1755 1446 sugittrrii,
1780 1354 1835 1451 qui
1860 1358 1910 1424 eis
1936 1378 1996 1424 ve·

606 1493 608 1501 ’
716 1458 901 1542 hebannr,
920 1466 1089 1551 Romanos
1115 1460 1282 1531 irruentes
1308 1462 1454 1553 gratuiter
1479 1452 1672 1532 laedebant,
1696 1470 1813 1551 utpote
1838 1456 1872 1525 in
1902 1454 1998 1527 subsi-

716 1588 776 1638 me
800 1562 890 1642 esuti,
915 1574 1072 1657 certaque
1099 1586 1152 1639 eo,
1178 1558 1268 1657 quod
1293 1560 1450 1632 editiores
1477 1552 1591 1635 essent,
1616 1554 1685 1627 tels
1711 1557 1885 1627 iacientes.
1914 1559 1995 1653 quin

718 1680 755 1738 et
778 1666 935 1762 equiturn
959 1678 1091 1733 turmae
1117 1660 1334 1734 discurrentes
1360 1660 1455 1732 sucise
1481 1654 1684 1731 inundebunt
1702 1648 1997 1755 utqueturbibunt

715 1762 847 1867 pedites
874 1778 911 1837 et
937 1762 1098 1853 grauioris
1131 1778 1319 1835 armaturae
1343 1760 1479 1850 militer3
1514 1762 1648 1859 iamque
1674 1782 1715 1830 ex
1741 1780 1779 1830 eu
1806 1773 1902 1856 parte
1927 1764 2000 1831 Ro·

717 1870 809 1945 unani
842 1863 882 1937 ud
913 1858 1030 1957 fugam
1054 1860 1202 1935 inclinati
1225 1862 1351 1961 pedem
1377 1858 1579 1935 referebant
1627 1858 1690 1933 vn
1717 1874 1832 1931 tutem
1859 1859 1996 1956 quidum

717 1970 808 2043 inter
835 1990 894 2038 eos
921 1988 942 2037 e
967 1960 1157 2039 satellitibus
1182 1965 1324 2041 Martini
1351 1967 1507 2057 Ognrrus
1532 1962 1673 2037 numine
1705 1962 1740 2031 in
1765 1959 1911 2031 summas
1936 1988 1995 2034 un·

717 2066 837 2165 gussias
863 2064 1028 2147 redeam,
1055 2064 1141 2138 adeo
1165 2082 1203 2139 vt
1227 2066 1356 2139 nullum
1383 2068 1416 2136 ei
1441 2078 1574 2163 peteret
1597 2060 1741 2134 siberurn
1759 2056 1935 2156 effugium,
1953 2088 1995 2138 uc

716 2170 785 2245 ium
809 2168 851 2241 de
877 2168 978 2243 solute
1002 2165 1057 2241 suu
1083 2166 1273 2269 desperans,
1298 2182 1336 2241 et
1360 2162 1607 2263 quodammodo
1632 2163 1787 2237 fortunae
1815 2164 1922 2236 oseam
1936 2189 1996 2265 pe·

636 2308 639 2318 ·
716 2272 879 2356 ricsituns,
904 2272 1090 2343 irmentem
1115 2274 1150 2343 in
1176 2268 1210 2341 se
1238 2267 1404 2367 quendum
1431 2293 1451 2339 e
1477 2262 1696 2342 ferocioribus
1710 2260 1906 2362 esephrntis,
1926 2292 1996 2339 mu·

717 2398 783 2470 gna
806 2373 839 2443 vi
861 2368 904 2447 ud
927 2372 1032 2443 imum
1055 2372 1206 2447 sronttm
1226 2374 1313 2444 circu
1338 2368 1552 2469 supercilium
1577 2362 1669 2439 hasta
1692 2365 1778 2445 serit,
1805 2366 1931 2467 spiculo
1948 2370 1996 2442 itu

715 2468 831 2551 edesio
855 2490 956 2569 utque
980 2472 1137 2571 impssio,
1163 2486 1202 2544 nt
1227 2471 1317 2570 quod
1341 2473 1509 2569 reliquum
1533 2484 1609 2541 erut
1632 2464 1745 2549 hustre
1758 2468 1995 2569 propenderet.

714 2573 770 2653 At
795 2575 851 2648 hic
873 2576 1004 2671 recepti
1029 2574 1113 2649 isius
1138 2572 1329 2671 impatiens,
1349 2588 1454 2670 utque
1481 2571 1619 2670 insuper
1642 2567 1734 2643 hesse
1758 2572 1846 2644 circu
1858 2572 1996 2648 oculum

716 2692 847 2751 rotante
871 2673 1296 2777 perturbaturuconsestim
1322 2669 1507 2748 retroussus
1534 2690 1635 2771 utque
1659 2676 1694 2744 in
1717 2670 1840 2745 orbem
1863 2668 1895 2746 se
1919 2697 1998 2747 ver.

716 2776 801 2864 suns,
827 2792 865 2849 et
888 2776 1134 2877 promuscidem
1161 2814 1208 2832 -·
1232 2775 1332 2851 instar
1355 2774 1480 2871 flagelli
1506 2775 1573 2847 huc
1599 2772 1679 2845 illuc
1702 2784 1887 2871 torquens,
1910 2774 1997 2849 musa

715 2896 770 2954 tos
797 2876 969 2953 Persurum
994 2874 1154 2977 percussit
1176 2896 1213 2951 tt
1237 2882 1270 2954 in
1295 2878 1401 2952 ustum
1425 2879 1527 2971 iecit5
1550 2911 1600 2933 -
1623 2890 1733 2951 torum
1757 2874 1878 2951 deinde
1903 2902 1996 2953 eret·

713 2986 820 3057 citum
846 2977 1013 3054 Persicum
1037 2978 1252 3059 conturbuuit
1275 3015 1344 3053 -.

747 3172 749 3183 ¹
818 3150 910 3224 Cum
936 3148 1052 3247 itrque
1076 3148 1241 3223 tumuitus
1265 3160 1304 3223 et
1327 3143 1537 3248 perturbetio
1560 3144 1787 3222 vehementer
1812 3150 1877 3222 iun
1903 3148 1996 3221 snut·

712 3241 831 3331 suisset,
857 3253 1026 3342 Romani,
1064 3266 1233 3350 quotquot
1264 3267 1362 3324 tutet
1386 3275 1502 3324 muros
1528 3249 1645 3345 egressi
1670 3271 1786 3335 eruut,
1827 3266 1864 3322 et
1888 3247 1910 3323 si
1935 3251 1996 3350 qui

712 3347 803 3422 sorte
828 3356 916 3426 intus
952 3352 1165 3436 manserant,
1202 3350 1342 3426 vniuerfi
1367 3355 1402 3425 in
1426 3379 1532 3426 vnum
1556 3377 1679 3447 agmen
1704 3351 1921 3446 conglobati,
1958 3365 1997 3425 et

713 3446 827 3524 fronte
855 3457 936 3525 uciei
964 3477 1065 3550 quam
1092 3451 1281 3527 vusidissrme
1305 3455 1401 3526 scutis
1426 3458 1645 3544 communito,
1671 3457 1707 3527 in
1731 3452 1844 3527 hossee
1870 3456 1915 3525 itu
1941 3451 1997 3524 td·

711 3547 782 3623 stuc
807 3553 957 3627 confusos
985 3557 1133 3641 irruunt;
1159 3557 1231 3652 qui,
1254 3571 1292 3627 vt
1317 3558 1507 3652 praeteritis
1530 3553 1892 3650 laboribustefatigni,
1915 3577 1996 3629 cum

712 3653 880 3748 impetum
907 3649 1063 3726 sustinere
1090 3681 1160 3728 non
1184 3653 1328 3754 possent,
1354 3657 1501 3728 citiffirne
1525 3655 1705 3752 sugerunt3
1738 3672 1773 3732 tt
1796 3683 1840 3732 nc
1864 3657 1898 3729 id
1924 3660 1998 3755 qui·

714 3751 795 3824 dem
821 3755 938 3828 ordine
964 3755 1073 3854 aliquo
1099 3755 1230 3829 seruato
1255 3757 1419 3846 fecerunt,
1445 3769 1557 3857 neque
1582 3763 1628 3832 itu
1653 3759 1893 3858 persequentes
1912 3782 1993 3855 pro·

713 3853 905 3953 pulsarunt,
945 3855 1000 3928 sed
1035 3853 1173 3956 diffiputi
1198 3855 1393 3956 disperfique
1418 3855 1491 3933 suut
1515 3859 1594 3932 alius
1618 3859 1705 3940 ulio,
1742 3876 1844 3959 prout
1867 3863 1992 3956 cuique

713 3953 875 4029 successu.
919 3947 1014 4044 Quin
1043 3973 1078 4032 et
1102 3957 1332 4053 Nachorrgrn
1357 3959 1436 4058 ipse,
1462 3965 1634 4060 inopinato
1659 3966 1711 4038 rei
1734 3977 1860 4034 euentu
1884 3959 1995 4033 obstu·

712 4057 864 4154 pesnssus
887 4058 1064 4134 retrorsum
1092 4060 1211 4134 cursim
1236 4061 1456 4160 adequitabat,
1482 4061 1669 4157 significuus
1694 4063 1849 4139 omnibus
1874 4062 1995 4156 flagei·

713 4159 748 4229 so
774 4175 809 4231 et
834 4157 1001 4244 inundans,
1024 4178 1062 4235 vt
1087 4188 1186 4260 quum
1211 4165 1387 4238 ceserrime
1411 4169 1581 4256 fugerent
1606 4165 1697 4265 quod
1722 4165 1856 4264 quidem
1871 4168 1935 4237 ium
1950 4163 1991 4238 ab

712 4259 777 4331 issis
804 4261 926 4334 sussum
954 4277 1035 4336 erat.
1073 4267 1127 4337 Sic
1152 4267 1269 4362 vtique
1294 4265 1340 4336 issi
1364 4269 1518 4339 iassnntiu
1534 4265 1598 4350 ‚suu
1623 4271 1658 4339 in
1677 4270 1880 4339 contrarium
1893 4263 1994 4340 cessit.

713 4362 856 4433 Romani
881 4387 961 4436 vero
988 4389 1056 4436 non
1085 4382 1181 4438 anteo
1206 4366 1425 4465 persequendi
1451 4392 1489 4439 uc
1514 4367 1699 4442 trucidandi
1712 4367 1871 4442 burburus
1887 4366 1994 4440 finem

714 4460 889 4542 fecerunt,
921 4464 1032 4538 donec
1058 4469 1221 4540 Martinus
1246 4463 1394 4540 sufficere
1418 4486 1507 4541 ratus
1534 4493 1596 4569 per
1620 4468 1737 4544 tubum
1763 4493 1822 4542 eos
1848 4491 1995 4542 reuoce-

714 4567 786 4642 uit‚
824 4567 939 4663 iraque
965 4572 1114 4666 percitos
1142 4593 1258 4641 comm
1287 4572 1413 4648 animos
1438 4573 1614 4664 mitigruit.
1663 4579 1775 4671 Atque
1800 4574 1845 4645 itu
1871 4569 1992 4643 Perste

713 4686 817 4758 tegre
854 4667 992 4741 tandem
1031 4669 1070 4741 nd
1109 4668 1212 4743 casira
1237 4669 1293 4743 suu
1318 4671 1394 4744 solui
1420 4671 1617 4751 euaserunt,
1654 4695 1724 4746 non
1749 4671 1861 4751 minus
1891 4695 1994 4772 quum

719 4765 843 4846 decern
869 4767 1067 4852 bessrtorum
1093 4771 1238 4852 missibus
1262 4777 1299 4850 in
1325 4799 1368 4851 eu
1393 4772 1556 4878 conssissu¹
1578 4769 1777 4880 defidtrutit.

2174 4944 2175 5017 s

2171 5730 2174 5935 s

2046 5961 2053 5974 ’
2167 5964 2172 6083 s

1851 4973 1880 5068 s·
1906 4992 1994 5068 ιιι.
