4592 6400
598 1066 681 1151 ren

545 1162 734 1221 tvarrnrn·
753 1150 764 1227 J
910 1156 914 1163 ’

586 1236 690 1311 nor.

740 864 792 943 et
870 920 874 925 .
951 875 954 882 ·
1123 928 1131 937 .
1198 847 1577 931 anrcouvtt

1187 1152 1189 1160 Ι
1283 1050 1388 1130 ecs
1414 1074 1500 1147 550·

1178 1194 1183 1201 ’
1324 1182 1354 1270 s·
1412 1203 1467 1264 55.

857 1280 966 1362 Betae
991 1303 1074 1355 vero
1098 1278 1167 1380 ipse
1191 1277 1364 1371 lotiones,
1391 1282 1523 1355 armatii
1546 1276 1702 1354 omnibus
1727 1276 1847 1375 copiis,
1871 1270 1914 1348 ed
1939 1273 2032 1348 muri

749 1398 882 1490 portem
917 1382 1091 1484 collapsam
1124 1383 1223 1457 frasne
1256 1384 1438 1483 applicuit,
1476 1398 1513 1457 et
1542 1407 1625 1455 cum
1650 1380 1726 1454 suos
1751 1378 1864 1454 verbis
1890 1392 2034 1454 ertenoe

752 1486 934 1570 animasset,
959 1504 996 1561 vt
1020 1478 1207 1560 hebescere
1232 1512 1302 1559 non
1329 1483 1450 1559 smeret
1473 1483 1654 1559 occasionis
1678 1487 1769 1565 rim,
1793 1480 2033 1553 exhortationis

753 1594 923 1689 reliquum
949 1588 1113 1688 impendit
1135 1583 1237 1663 festis.
1288 1591 1348 1663 Vir
1373 1590 1466 1662 enim
1490 1590 1583 1660 annis
1609 1592 1715 1659 maior
1739 1585 1970 1683 septuaginta,
1998 1604 2038 1653 rc

753 1694 854 1795 plane
886 1698 963 1780 iam,
980 1678 1159 1781 exoletus,
1198 1686 1295 1765 serlo
1320 1691 1451 1789 primur
1478 1687 1630 1767 ascendit.
1677 1684 1807 1761 ‘Persis
1830 1686 1877 1759 ibi
1903 1698 1940 1757 et
1963 1684 2033 1757 Ro·

753 1802 860 1871 manis
886 1798 919 1869 in
943 1818 1093 1893 pugnam
1124 1793 1270 1871 coorto.
1307 1790 1417 1865 Bessus
1443 1790 1589 1865 deictius
1616 1792 1710 1863 humi
1736 1788 1892 1865 concidit.
1940 1780 2037 1860 breui

752 1896 827 1999 posi
852 1897 959 1969 rursus
986 1896 1157 1972 aseendit.
1183 1918 1328 1991 eumque
1353 1897 1494 1967 Romani
1521 1919 1640 1966 omnen
1665 1892 1870 1990 sequuntur,
1895 1912 1934 1962 ac
1958 1886 2036 1961 saci·

749 2023 834 2075 nora
860 2003 894 2071 in
921 1995 1033 2071 hostes
1063 1996 1170 2068 edunt
1193 1998 1271 2069 viris
1295 1994 1434 2069 sortibus
1461 1992 1574 2095 digna'
1595 1990 1647 2063 ¹').
1702 1994 1886 2067 conterriti
1919 1986 2035 2065 Persae

618 2144 625 2154 ·
749 2101 904 2177 nonnihil
929 2114 1053 2199 petunt
1074 2099 1168 2199 spatii
1194 2096 1234 2169 rd
1258 2098 1522 2178 conuasondum.
1553 2110 1591 2172 vt
1606 2095 1726 2195 dedita
1749 2095 1833 2169 vrbe
1859 2088 2034 2168 discedant.

750 2200 885 2277 'Bessos
912 2226 991 2276 cum
1018 2202 1130 2275 dolose
1157 2197 1244 2272 brec
1268 2196 1351 2293 fingi
1375 2200 1577 2299 suspicatus,
1618 2199 1764 2271 induciae
1795 2198 1904 2270 nussar
1930 2195 2036 2269 vellet
2160 2281 2161 2286 ἵ

652 2363 653 2366 ,
721 2308 965 2385 concedere,
1002 2305 1169 2403 proelium
1193 2299 1457 2397 redintegratur.
1509 2306 1613 2375 Tunc
1644 2305 1784 2374 loannes
1815 2302 1927 2374 Guzee
1954 2318 2035 2371 cum

749 2411 920 2483 Armeniis
956 2408 991 2477 in
1024 2408 1085 2479 alia
1122 2407 1209 2476 muri
1236 2419 1331 2503 parte
1355 2430 1423 2477 vno
1448 2430 1468 2479 e
1493 2402 1684 2477 custodibus
1710 2400 1841 2481 occiso.
1880 2402 2037 2474 Romanis

752 2508 879 2581 aditum
914 2507 1014 2593 secit;
1056 2505 1250 2604 eodemque
1284 2522 1444 2605 tempore
1470 2507 1567 2580 multi
1592 2505 1763 2579 Persarum
1788 2509 1823 2576 in
1848 2503 1932 2575 turri
1957 2527 2037 2600 qua.
2160 2515 2161 2580 t

629 2624 634 2633 '
751 2608 829 2683 dam
856 2614 967 2701 lignea
993 2607 1282 2701 conflagrarunt'.
1331 2612 1386 2681 Sic
1410 2608 1558 2681 demum.
1574 2609 1716 2680 Romani
1740 2607 1887 2687 caeteri.
1913 2606 1971 2703 qui
1993 2600 2037 2677 ad
2160 2617 2161 2702 ᾗ

752 2714 846 2786 muri
873 2708 982 2783 labem
1008 2708 1214 2809 pugnabant
1239 2708 1437 2784 cedentibus
1464 2725 1501 2783 et
1525 2711 1678 2783 ardorem
1703 2702 1951 2783 remittentibus
1983 2704 2040 2789 ed«,
2160 2709 2161 2760 i

749 2812 920 2890 uenenis.
946 2816 1079 2886 moenia
1102 2826 1324 2911 penetrarunt
1348 2828 1385 2885 ct
1409 2818 1508 2886 Petra
1532 2816 1566 2886 vi
1589 2826 1689 2913 capta
1715 2810 1773 2885 esi.

760 2930 764 2939 '
861 2926 977 3003 Persae
1004 2936 1180 3030 quingenti
1206 2928 1246 3003 nd
1272 2930 1362 3006 vrbis
1388 2958 1504 3006 arcem
1527 2932 1776 3016 intentoeursu,
1802 2934 1941 3031 eiusque
1958 2957 2035 3007 mu·

748 3028 933 3106 tuitionibus
959 3036 1154 3131 occupatis,
1180 3033 1247 3106 illic
1272 3031 1305 3105 sc
1332 3048 1526 3110 tenuerunt.
1574 3038 1734 3134 Reliquos
1760 3038 1920 3117 Romani,
1946 3061 2033 3135 quot

747 3130 926 3226 congressu
952 3160 1021 3208 non
1048 3134 1268 3218 sustulerant,
1298 3138 1393 3210 riuos
1420 3160 1541 3210 omnes
1566 3154 1754 3238 ceperunt,
1779 3162 1923 3210 numero
1947 3138 2039 3212 sum·
2160 3157 2161 3227 ᾗ

748 3257 844 3308 mum
883 3235 1114 3338 septingentos
1155 3253 1191 3310 et
1230 3241 1400 3332 tringinta
1458 3243 1599 3313 -Honrm
1625 3245 1775 3334 integros
1799 3239 2038 3335 duodeuiginti

744 3337 970 3422 inuenerunt,
996 3345 1124 3414 caeteri
1150 3359 1247 3413 erant
1270 3339 1376 3413 saucii.
1428 3345 1629 3416 ERomanie
1656 3345 1766 3434 musti,
1790 3345 1883 3441 iique
1906 3340 2040 3416 foruffi·
2160 3370 2161 3415 3

744 3439 807 3518 mi,
830 3439 1086 3532 occubuerunt;
1108 3445 1195 3514 inter
1219 3467 1303 3540 quor
1329 3443 1394 3517 suit
1411 3449 1567 3539 Ioannes,
1592 3443 1755 3520 Thomae
1780 3442 1876 3521 filius,
1903 3449 1971 3541 qui.
1996 3447 2034 3521 iu
2079 3457 2085 3460 “

744 3535 859 3614 hostes
887 3545 978 3614 miris
1004 3541 1204 3615 facinoribus
1232 3543 1350 3625 editis,
1376 3547 1412 3617 in
1441 3551 1551 3644 capite
1577 3572 1596 3619 a
1622 3545 1765 3620 barbaro
1792 3529 1937 3645 quodam
1961 3547 2033 3624 vus·
2160 3596 2161 3605 κ

745 3655 883 3716 nentur
910 3642 957 3714 est
982 3641 1109 3744 lapide,
1136 3641 1217 3714 dum
1244 3645 1365 3718 vrbem
1388 3647 1632 3740 ingrederetur.
1683 3649 1823 3723 ‘Persae
1848 3673 1946 3738 vero,
1972 3650 2034 3748 qui

746 3767 857 3818 arcem
882 3761 1100 3842 occuparant,
1127 3768 1211 3818 cum
1237 3747 1335 3819 nuliis
1361 3749 1626 3834 conditionibus,
1652 3766 1689 3824 rt
1714 3751 1917 3823 deditionem
1938 3750 2033 3824 face·

667 3894 668 3902 κ
744 3861 839 3932 rent,
865 3846 983 3918 adduci
1009 3844 1158 3946 possent:
1193 3843 1339 3922 Romani
1373 3849 1488 3924 Bessae
1513 3849 1594 3925 iussu
1618 3855 1714 3946 ignes
1741 3855 1809 3924 arci
1839 3855 2038 3930 iniecerunt.

746 3945 927 4022 Crescente
951 3949 1032 4023 licet
1057 3949 1214 4044 flamma,
1242 3946 1377 4025 Persae’
1415 3951 1521 4028 nihilo
1545 3958 1655 4026 minus
1680 3958 1716 4027 in
1743 3979 1861 4027 manus
1885 3952 2037 4031 hostium

744 4052 862 4124 venire
894 4049 1110 4132 recusarunt,
1149 4068 1186 4125 tt
1216 4055 1542 4134 mirantekomano
1576 4061 1726 4136 exercito
1758 4081 1880 4134 omnes
1901 4057 2040 4162 pundo

743 4152 911 4253 temporie
936 4178 1016 4230 curn
1040 4179 1118 4230 arce
1148 4155 1307 4270 incendio
1336 4154 1435 4232 deleti
1458 4157 1544 4234 sunt.
2005 4173 2010 4182 '

1310 4357 1355 4458 §..
1396 4373 1456 4442 rr.

617 4521 620 4527 ,
660 4437 704 4520 ³⁸
852 4437 958 4526 Tunc
987 4427 1152 4556 apperuit}
1177 4483 1279 4558 quam
1304 4459 1396 4535 cordi
1421 4459 1501 4542 esset
1521 4461 1636 4539 Lazict
1663 4459 1812 4545 Chosroi,
1838 4411 1895 4562 qui
1909 4459 2036 4538 militet

741 4549 874 4656 legisset
898 4558 1052 4631 emnium
1076 4559 1383 4660 praestantissimos,
1408 4585 1446 4644 et
1459 4569 1495 4640 in
1512 4571 1631 4641 Petrne
1642 4563 1805 4664 praefidio
1818 4560 2037 4742 colluppsscn¹

1946 4691 2037 4769 rquc

784 4855 823 4940 i)
845 4863 930 4938 Qtee
953 4859 1002 4924 hie
1025 4874 1054 4926 er
1077 4859 1158 4928 insin
1181 4863 1272 4934 suflue
1295 4889 1362 4936 ner·
1410 4870 1741 4958 Procopianarum
1763 4865 1873 4936 dedisse
1896 4862 2036 4940 suffitio(-
2111 4954 2115 4961 ,
2160 4882 2161 4887 ’

744 4957 792 5016 nt
824 4941 862 5014 dt
893 4949 978 5016 Petra
1011 4963 1182 5040 oppugnat·
1213 4974 1244 5026 et
1279 4973 1363 5048 cepte
1451 4972 1495 5037 3⁸.
1516 4961 1561 5028 sd.
1584 4958 1659 5026 ibid.
1681 4981 1713 5050 p.
1734 4957 1892 5074 ppt-6602
1984 4981 1989 4994 ·
