4592 6400
714 918 1112 995 sannarrca·
1301 902 1310 919 '
1475 949 1548 1019 ,η

761 1121 1065 1201 rac-aomar.
1612 1132 1633 1197 1
1684 1181 1693 1199 ,

274 1234 324 1303 nie
351 1234 499 1333 tempus'
523 1256 705 1331 quaerens,
742 1260 826 1332 quae
852 1264 868 1305 a
897 1240 1006 1333 Gycia
1033 1238 1114 1312 ditia
1142 1239 1394 1337 iuramentoque
1418 1150 1756 1319 firmetac‘wxffl‘

275 1332 404 1419 edent,
429 1336 587 1412 audiens,
617 1338 791 1418 admiratus
817 1336 956 1409 laudauit
982 1362 1077 1426 eam,
1105 1340 1193 1432 quod
1221 1344 1405 1414 iuramento
1430 1344 1546 1417 stabili·
1584 1312 1733 1375 mm·

271 1432 377 1521 uidet,
407 1438 509 1507 veluti
537 1438 703 1533 praeclaro
731 1464 810 1529 erga
836 1458 994 1532 parentes
1021 1438 1191 1520 edietum,
1219 1445 1384 1523 abiciens,
1403 1445 1548 1537 gaudere

268 1534 300 1607 se
327 1558 460 1633 quoque
487 1554 522 1609 et
546 1537 648 1607 libare
675 1538 789 1609 itidem
815 1538 911 1611 veile.

377 1663 529 1751 Cumque
557 1646 735 1731 memoriae
760 1660 828 1729 dies
858 1675 894 1731 et
920 1660 1058 1758 epulum
1087 1658 1312 1759 praeteriisset,
1337 1662 1545 1759 Bosporianie

265 1778 331 1853 per
356 1758 515 1829 famulum
543 1756 634 1829 suum
660 1758 836 1836 indicauit,
873 1762 1072 1841 „Inuenid'c
1098 1764 1152 1849 se,
1184 1786 1254 1857 quo
1280 1766 1379 1861 padio
1406 1765 1472 1837 fine
1500 1768 1545 1841 la·

268 1858 353 1927 bore
383 1858 583 1929 Chersonenr
611 1884 732 1955 capere
759 1859 901 1958 poiient.
946 1868 1119 1936 mitterent
1146 1868 1257 1957 itaquo
1286 1890 1346 1960 per
1373 1869 1546 1943 interualla

265 1958 401 2041 dacem,
430 1979 486 2033 ant
510 1958 697 2043 duodecim,
724 1966 859 2033 iuuenes
888 1962 1088 2055 praestantes
1116 1982 1251 2059 practer
1275 1962 1472 2055 caraborum
1492 1996 1545 2040 re·

221 2109 225 2119 ,
263 2062 381 2148 miger.
410 2061 465 2153 qni
492 2060 593 2130 veluti
624 2050 719 2131 xenia
744 2061 802 2159 ipsa
830 2060 981 2135 ferrent:
1012 2066 1067 2161 qui
1094 2080 1205 2136 autem
1232 2066 1402 2162 appellent
1422 2069 1542 2150 carabi.

263 2160 295 2227 in
322 2159 378 2228 taii
404 2160 479 2229 ioco
506 2159 714 2247 manebunt,
743 2188 810 2253 ego
837 2186 914 2233 vero
940 2190 1043 2261 equor
1069 2170 1227 2253 mittam,
1254 2167 1373 2265 quibus
1397 2174 1540 2247 iuuene·

262 2282 300 2331 ac
325 2283 470 2331 munera
493 2258 582 2333 mitia
607 2266 641 2334 in
667 2261 787 2335 vrbem
813 2261 1014 2349 achanton..

1188 2384 1205 2437 b

831 2468 860 2556 i·
911 2490 970 2554 24·

369 2602 527 2691 Cumque
570 2618 627 2693 per
663 2594 836 2671 biennium
874 2600 938 2672 boc
976 2598 1077 2669 modo
1110 2593 1243 2669 diuersas
1269 2596 1478 2697 temporibus
1503 2604 1540 2681 ia

260 2696 379 2769 vrbem
404 2699 595 2795 Bosporianr
623 2722 700 2769 cnm
727 2706 829 2770 aoniir
857 2706 1026 2776 renident.
1052 2726 1095 2771 no
1122 2702 1209 2771 fraus
1235 2726 1253 2771 a
1280 2701 1410 2773 ciuibus
1437 2726 1538 2796 agno·

259 2798 415 2879 iteretur,
443 2796 624 2869 adducebat
650 2823 708 2871 eoa
720 2840 723 2847 ›
736 2800 871 2872 Asandri
898 2800 983 2871 filius
1010 2798 1153 2899 pedestri
1177 2802 1295 2870 itinere
1309 2828 1350 2871 cx
1365 2804 1439 2873 loco
1455 2830 1538 2878 cona

258 2899 402 2989 stitutO,
438 2918 474 2973 et
507 2899 614 2970 rursus
641 2900 714 2997 post
741 2904 864 2998 aliquot
891 2902 960 2972 dies
988 2922 1101 2971 corum
1127 2900 1281 2970 omnibns
1308 2926 1367 2972 ecs
1396 2900 1453 2973 sub
1478 2930 1538 2977 vc·

254 3000 386 3098 speram
421 3000 609 3071 dimittebat
644 3002 684 3072 ad
720 3002 934 3097 campestria,
980 3000 1066 3095 quasi
1092 3004 1157 3070 iam
1183 3000 1306 3070 tardior
1333 2997 1440 3090 effeta
1479 3008 1538 3100 qui

254 3099 373 3193 egressi
407 3102 446 3170 ad
478 3104 540 3169 tria
567 3124 672 3193 rsquc
698 3104 844 3172 milliaria
869 3098 1017 3174 tenebris
1046 3106 1110 3171 nm
1137 3098 1245 3169 deuiis
1271 3099 1442 3179 redibant.
1479 3118 1538 3177 ‘et

254 3207 440 3274 [inionem
465 3197 631 3272 intrabant
653 3202 709 3282 ⁶),
737 3203 823 3274 vnde
852 3203 970 3274 carabo
998 3203 1072 3274 Susa
1099 3198 1364 3282 deuehebantur,
1390 3201 1446 3272 vbi
1470 3226 1536 3301 pec

253 3320 392 3400 portam
420 3306 595 3381 minorem,
622 3325 721 3396 qnam
747 3309 781 3374 in
807 3329 904 3374 muro
932 3299 1092 3382 habebar,
1116 3306 1151 3372 in
1177 3301 1314 3372 domum
1341 3302 1382 3376 ab
1409 3325 1452 3371 eo
1478 3327 1534 3376 re·

255 3403 479 3498 cipiebantut,
505 3409 642 3471 nemine
668 3399 813 3485 constio,
840 3420 971 3500 praeter
996 3423 1065 3476 tres
1092 3419 1219 3475 tantum
1244 3403 1386 3477 [amnica
1415 3400 1537 3502 Bospc·

256 3508 369 3574 rianos
397 3501 499 3584 fidos3
525 3525 667 3598 quorum
695 3529 777 3574 vous
805 3503 844 3574 ad
872 3507 981 3575 iocum
1010 3505 1164 3576 stauarum
1190 3505 1361 3600 pergebat,
1388 3515 1535 3576 errece·

253 3603 333 3675 dere
367 3601 502 3674 carabos
535 3603 730 3674 nunciabat:
764 3606 960 3678 aiter-vero
985 3609 1018 3676 in
1047 3611 1223 3675 Limonem
1247 3601 1286 3662 tr
1312 3602 1535 3698 Bosporianoc

252 3706 457 3776 reducebat:
495 3709 615 3774 tertius
652 3703 793 3798 deniquo
826 3707 968 3777 Limone
995 3705 1070 3777 Susa
1096 3703 1214 3774 carabo
1240 3727 1300 3784 coa
1327 3703 1531 3787 aduehebat.

254 3811 350 3876 etin
379 3805 535 3876 Lernacbi
568 3805 706 3874 domum
740 3807 979 3880 introducebat.
1029 3798 1189 3876 Vtebatui
1212 3821 1385 3901 praetenea
1412 3805 1463 3873 has
1488 3805 1532 3879 ad

240 3907 411 3976 alimenta
437 3905 615 3975 deferenda
641 3905 727 3985 iiiia,
768 3912 824 4005 qui
850 3913 885 3979 in
909 3909 990 3978 locis
1017 3905 1136 3978 abditis
1164 3919 1277 3984 erant,
1303 3905 1371 4004 ipsa
1393 3927 1530 4004 quoque

257 4007 371 4100 Gycia
406 4005 517 4075 dolum
545 4010 733 4098 ignorante.

364 4125 579 4224 Exspectabat
619 4145 755 4203 aurem,
789 4143 824 4200 vt
850 4121 1262 4216 dirimus‚¹anninersario
1287 4122 1342 4199 die
1367 4123 1529 4202 Lamacbi

251 4231 438 4299 memoriae
463 4229 576 4305 sacro,
612 4227 692 4298 vrbe
718 4245 786 4298 tota
813 4233 969 4326 epulante
996 4251 1035 4298 ac
1061 4227 1177 4298 sumno
1204 4227 1328 4322 sopita,
1354 4225 1419 4320 ipse
1445 4251 1528 4303 cum

252 4331 465 4422 Bosporianis
500 4349 597 4424 atque
631 4325 818 4398 domesticis
852 4324 916 4401 suia
949 4329 990 4402 de
1016 4329 1114 4400 notio
1141 4326 1301 4420 surgere,
1338 4323 1528 4428 vrbemque

251 4427 440 4503 incendere
469 4447 505 4502 et
528 4454 644 4502 omnen
669 4427 833 4504 occidere.

830 4625 969 4706 'reti
1384 4609 1417 4710 ς’.
1465 4639 1526 4706 aa.

299 4827 343 4922 ‘i
370 4859 427 4924 aar
455 4825 607 4931 ἤρχοντο
631 4833 665 4908 a’r
690 4857 743 4935 cp
762 4844 864 4926 λεγο·
959 4819 1001 4930 ti
1026 4823 1218 4926 iuniperi,
1242 4815 1485 4926 supramprp.

253 4957 345 5036 μῑνφ
373 4947 492 5036 Iteratur.
