4592 6400
722 841 1209 983 rnnnrmzro.¹
1516 892 1591 987 vn

317 1156 445 1263 nica,
475 1142 812 1261 de‘Germanis,
844 1150 901 1239 de
929 1150 1062 1241 Gallis
1094 1156 1138 1239 in
1180 1150 1396 1241 Mernoriis
1426 1172 1601 1275 ranan*

316 1306 420 1389 rur,
452 1280 656 1388 voluerit,
688 1309 775 1367 non
823 1304 984 1369 tanturn
1026 1286 1169 1367 omnia
1199 1284 1301 1389 ista,
1334 1276 1403 1369 sed
1445 1280 1592 1370 ordine

317 1437 492 1527 quoque
528 1408 841 1525 chronosogico'
862 1408 1044 1525 digesta,
1077 1414 1270 1497 inueniat.
1300 1410 1346 1495 ln
1380 1438 1468 1527 quo
1502 1438 1590 1518 nte,

315 1539 390 1629 nifi
421 1544 514 1657 quir
546 1534 657 1627 sorte
689 1538 1020 1657 reprehendendi
1053 1540 1185 1627 studio
1225 1538 1386 1651 longius
1419 1539 1592 1654 abripia-

313 1690 415 1777 tur,
453 1696 543 1785 non
573 1674 796 1785 ingratum·
818 1662 1026 1781 suscepisse
1056 1668 1270 1773 laborent,
1304 1668 1494 1757 arbitror.

465 1799 511 1887 In
552 1794 685 1887 Indice
719 1789 996 1911 Gngtapiico
1028 1824 1114 1883 non
1149 1794 1284 1883 solum
1314 1796 1506 1905 vrbiunt,
1533 1796 1592 1886 lo

314 1952 467 2015 corum
501 1954 603 2016 caet
637 1926 755 2015 attuii
799 1932 995 2039 nomina3
1035 1922 1134 2031 sed,
1177 1953 1382 2041 quantum
1423 1929 1594 2043 quidem
1645 1928 1651 1934 ’

313 2054 449 2164 licuit,
484 2054 604 2144 fitum
635 2061 756 2151 etiam
790 2084 937 2142 eorum
968 2054 1137 2143 definire
1169 2082 1342 2143 conatus
1373 2052 1475 2143 sum.
1496 2058 1591 2183 Qa

309 2186 358 2272 in
389 2212 436 2273 re
466 2179 656 2274 seuerum
685 2184 972 2302 quorumdam
1004 2184 1203 2273 iudicium
1219 2214 1286 2272 me
1307 2183 1590 2300 effugiente,
1747 2254 1754 2267 ,

311 2317 387 2401 vix
418 2312 554 2403 audeo
587 2310 761 2430 sperare.
795 2316 842 2403 Si
874 2318 985 2401 enim
1017 2299 1171 2403 incerta
1201 2315 1333 2434 inulta
1360 2340 1406 2402 et
1439 2342 1611 2429 parurn„

311 2470 507 2533 accurata
541 2443 741 2533 Letiores
771 2440 1013 2531 offendent:
1049 2448 1264 2559 aequiores
1281 2444 1432 2531 harum
1449 2472 1593 2531 rerum
1723 2550 1727 2559 Ι

309 2572 471 2661 iudices
504 2579 771 2689 praecipuam
801 2573 971 2689 quidem
997 2574 1144 2687 euipae
1158 2601 1321 2687 partem
1340 2578 1381 2659 in
1403 2573 1592 2687 Geogra·

311 2700 539 2818 phicorum
569 2728 941 2792 monumentorum
953 2754 974 2809 ,·
1002 2703 1128 2813 medii
1173 2698 1440 2817 praesertim,
1474 2702 1605 2818 quod·

312 2830 493 2941 dicitur,
526 2839 616 2921 aeui
652 2836 869 2948 penuriam
889 2896 902 2941 ,
919 2897 921 2911 .
936 2832 1116 2947 aliquam
1147 2859 1285 2919 tamen
1321 2836 1444 2919 etiarn
1462 2836 1504 2921 in
1523 2860 1591 2918 me

260 3031 263 3053 .
311 2957 592 3079 uanoferent3
623 2967 877 3079 iniquiorum
906 2988 1044 3049 autem
1086 2961 1238 3050 iudicio
1270 2966 1405 3048 omnis
1438 2960 1590 3075 procul

309 3088 445 3185 dubio
479 3092 608 3208 culpa·
622 3092 730 3197 'naihi
761 3096 833 3181 vni
865 3090 1083 3179 tribuetur.
1105 3120 1232 3210 quam
1265 3091 1335 3180 vel
1370 3086 1479 3178 solus
1511 3090 1591 3179 hae

158 3309 168 3322 ,
308 3221 505 3312 mercede
535 3219 727 3312 sustinere
762 3249 931 3335 paratus
949 3219 1062 3330 sum,
1092 3221 1121 3308 fi
1153 3226 1245 3326 isti,
1279 3249 1387 3335 quae
1415 3217 1592 3328 desunt,

310 3348 498 3500 ard-dere,
525 3379 635 3470 quae
667 3375 771 3442 vero
811 3375 982 3466 peccata
1021 3375 1174 3460 erunt,
1210 3347 1428 3436 emendare
1471 3351 1589 3440 volu-
1668 3427 1685 3450 ,

312 3501 434 3578 mm·
462 3598 603 3715 Libri,
633 3635 742 3726 quos
776 3614 819 3698 in
850 3611 988 3698 Indice
1010 3609 1309 3725 Geographico
1327 3589 1588 3698 contexendo

310 3735 413 3828 mihi
447 3735 560 3824 licuit
590 3735 833 3847 consulere,
867 3737 959 3828 sunt
994 3767 1159 3854 praeter
1197 3741 1367 3854 Corpus
1403 3741 1590 3852 Scripto·
1626 3759 1630 3767 ·

310 3893 410 3956 rum
441 3867 645 3964 Historiae
686 3869 939 3984 Byzantinae
977 3865 1139 3983 ipsum,
1180 3869 1327 3956 Claud
1368 3869 1590 3956 Ptolemaei

159 4039 163 4042 ·
310 3993 605 4109 Geographia,
638 3998 839 4086 Antonini
869 4001 1046 4112 Augusti
1079 4001 1356 4107 itinerarium,
1385 3997 1590 4113 Stephani

310 4121 530 4239 Byzmtitti
558 4125 720 4242 (liber)
755 4127 807 4216 de
838 4128 1025 4218 Vrbibus
1059 4155 1099 4216 et
1132 4129 1331 4244 Popuiis,
1375 4130 1589 4240 Peutinge·

309 4259 428 4342 riana
463 4253 634 4343 Tabula
670 4257 905 4368 itineraria,
960 4259 1106 4348 Ottelii
1157 4261 1416 4373 Synonymia
1473 4249 1589 4346 Geo-

308 4381 533 4500 graphica,
565 4385 751 4474 Cluuerii
784 4387 1039 4478 introdut‘n'o
1072 4395 1114 4476 in
1151 4384 1383 4478 uniuersam
1398 4383 1588 4502 Geogra·

310 4511 487 4629 pitiaan,
514 4513 682 4604 *Cellarii
713 4517 899 4607 Notitiae
932 4517 1060 4608 Orbis
1103 4520 1280 4635 Antiqui
1312 4544 1353 4606 et
1386 4519 1453 4604 alii
1485 4543 1588 4604 non·

308 4641 416 4732 nulli
448 4667 547 4732 cum
576 4671 786 4756 veterum,
819 4673 909 4736 tum
935 4649 1214 4754 recentiorum
1229 4647 1589 4762 Geographorum
1690 4753 1694 4760 Ι

308 4767 420 4886 libri·
449 4775 495 4864 iu
524 4769 590 4865 hu
619 4779 809 4898 inprimis
840 4779 1044 4872 Virortun
1077 4779 1402 4870 Clarissimorum
1419 4776 1486 4992 D.s
1508 4775 1588 4860 Bu·

751 4911 754 4920 '
1226 4903 1232 4912 ’
1408 4972 1413 4982 .
1476 4903 1585 4994 chin·
