4592 6400
696 870 759 1019 ιιι
1098 870 1574 1015 internato

700 1184 847 1273 attiior
880 1180 955 1275 effe
988 1180 1125 1270 malui.
1165 1180 1212 1267 in
1254 1174 1503 1290 Geneoiogt‘t's
1544 1170 1725 1264 Gentium
1764 1204 1871 1295 quae
1910 1182 1968 1270 ie·

698 1340 869 1428 guntur,
887 1312 995 1399 'licet
1026 1313 1246 1397 maximam
1280 1336 1441 1423 partem
1472 1310 1610 1397 nrinus
1643 1308 1727 1395 hue
1757 1303 1968 1423 pertinere

644 1496 649 1507 =
694 1442 826 1532 videri
869 1442 1049 1555 possrnt:
1082 1464 1218 1525 tamen
1262 1464 1401 1554 neque
1437 1438 1504 1525 hic
1543 1466 1611 1525 rne
1653 1436 1843 1528 historiae
1875 1446 1962 1531 vni·

693 1568 837 1660 uersae
868 1570 1049 1657 studiosis
1083 1593 1249 1687 gratum
1281 1563 1414 1655 feeiiie
1447 1566 1602 1655 diffido.

702 1774 704 1779 .
841 1700 957 1787 Haec
991 1696 1043 1783 de
1073 1700 1289 1805 Memoriis
1319 1696 1412 1811 ipsis
1455 1696 1592 1784 adhue
1634 1689 1836 1784 monuisse
1864 1724 1964 1787 cunr

693 1823 877 1915 sufficere
894 1827 1094 1915 videatur:
1111 1850 1157 1915 vt
1173 1826 1224 1911 de
1249 1852 1443 1914 ovano}
1477 1831 1603 1913 totius
1622 1831 1760 1940 operis
1789 1852 1962 1913 moron

689 1982 824 2071 pauca
857 1956 1020 2063 dicam,
1051 1951 1243 2067 superest.
1275 1956 1321 2040 ln
1363 1950 1498 2043 Indice
1528 1954 1696 2071 quidem
1735 1952 1964 2065 Htstorico,

689 2112 797 2203 quae
830 2090 873 2173 in
904 2110 992 2172 toto
1024 2111 1183 2199 opere,
1215 2084 1283 2172 vel
1315 2109 1430 2171 texto
1461 2088 1601 2198 potius
1633 2084 1762 2189 illius,
1792 2111 1962 2171 narran-

687 2238 788 2321 tur,
831 2218 1083 2329 praecipua,
1125 2212 1197 2298 nist
1237 2206 1348 2298 forte
1392 2212 1656 2326 imprudente
1693 2240 1763 2299 nte
1801 2211 1962 2328 aliquid

686 2343 858 2451 excidit,
895 2370 1022 2459 quarn
1053 2342 1141 2427 fieri
1156 2346 1293 2454 potuit
1312 2341 1494 2429 breuiter
1510 2346 1645 2455 attigi3
1671 2370 1695 2427 e
1715 2344 1960 2429 Summariit

610 2510 621 2532 a
684 2492 787 2561 vero
821 2500 862 2586 et
893 2474 1037 2575 Notio,
1070 2470 1141 2557 nist
1177 2498 1284 2585 quae
1317 2466 1403 2583 ipsa
1434 2472 1695 2585 Scriptorum
1710 2471 1961 2582 Byzantino·
1999 2456 2006 2467 ’

683 2628 780 2687 rum
810 2602 901 2687 loca
945 2604 1182 2705 continent,
1220 2598 1375 2714 aliquid
1417 2628 1468 2685 eo
1519 2596 1822 2686 conferendum
1870 2623 1959 2687 non

680 2736 838 2880 putaui·
870 2733 928 2817 Ita
959 2734 1081 2815 etianr
1111 2747 1218 2843 quae
1250 2728 1304 2814 de
1338 2728 1500 2843 populo
1540 2729 1682 2844 aliquo
1724 2724 1799 2815 sub
1833 2754 1957 2842 pecu·

679 2856 768 2945 iiari
802 2862 887 2945 eius
927 2863 1109 2948 nornine
1129 2863 1171 2945 in
1212 2860 1428 2944 Mentoris
1472 2858 1718 2971 leguntur,
1746 2853 1823 2944 sub
1871 2858 1958 2945 hoe

678 2992 848 3079 nomine
881 2994 923 3076 in
960 2987 1125 3092 Indice,
1159 3014 1257 3074 cum
1287 2992 1330 3073 in
1374 2988 1670 3074 Summariis
1659 3013 1742 3074 rant
1782 2992 1823 3074 in
1862 2971 1955 3074 bre·

637 3102 849 3204 'uitatem
884 3116 1094 3207 eontrasta
1124 3120 1404 3230 reperiantur,
1438 3115 1577 3206 denuo
1610 3110 1800 3224 adferre,
1817 3110 1955 3230 super·-

676 3269 909 3334 uacaneum
934 3247 1192 3359 tridebatur3
1227 3242 1297 3333 sed
1328 3249 1420 3335 ioca
1451 3273 1640 3355 tanturn,
1671 3244 1744 3336 vbi
1783 3250 1826 3334 in
1865 3247 1956 3332 Me·

580 3362 588 3384 ”
675 3381 822 3461 moriie
857 3401 1097 3480 occurrant,
1128 3374 1319 3483 indicaui,
1350 3402 1395 3462 et
1426 3381 1565 3486 primo
1587 3377 1758 3488 quidem
1773 3374 1957 3480 clarifica,

675 3505 718 3587 in
753 3501 906 3618 quibus
942 3499 1055 3590 sedes
1088 3508 1284 3589 materiae
1317 3505 1392 3609 est,
1429 3527 1470 3590 et
1488 3503 1636 3588 deinde
1655 3501 1815 3618 reliqua
1836 3501 1955 3590 smol

676 3635 842 3737 omnia,
877 3631 1033 3747 quibus
1064 3657 1320 3744 repetuntur.
1354 3633 1473 3762 Qae
1489 3659 1590 3726 vero
1609 3630 1813 3719 difficilius
1830 3659 1958 3747 qnae·

637 3785 850 3867 ‚attritum
882 3789 929 3847 ea
959 3766 1002 3848 in
1035 3759 1173 3846 indice
1208 3759 1302 3847 dedi
1336 3763 1496 3867 omnia,
1532 3789 1572 3850 et
1609 3763 1732 3876 plura
1773 3757 1991 3872 fortassee,

672 3913 800 4002 quam
835 3883 1030 3976 seueriori
1060 3887 1181 3976 alicui
1235 3884 1391 3976 censori
1440 3917 1549 4003 opus
1596 3891 1732 3979 videri
1773 3914 1951 4004 poterat.

671 4015 787 4104 Nam
820 4045 906 4104 non
941 4046 990 4105 ea
1026 4015 1192 4124 solum,
1224 4045 1332 4133 quae
1379 4025 1584 4133 propiora
1632 4015 1724 4107 sunt
1781 4019 1952 4125 consilio

664 4161 796 4252 meo,
830 4147 914 4234 hoe
947 4149 1023 4254 est,
1059 4147 1126 4235 vel
1159 4147 1369 4235 historiam
1405 4149 1663 4262 populorum
1695 4144 1949 4264 septemtrio·

669 4274 856 4382 naiiunr,
889 4275 955 4364 vel
988 4281 1256 4390 migrationes
1290 4282 1480 4391 gentium-
1528 4279 1757 4392 illustrant3
1798 4275 1868 4365 sed
1898 4305 1948 4365 ea
2010 4365 2028 4392 x

669 4427 869 4519 quoque,
908 4432 1013 4520 quae
1047 4405 1113 4492 vel
1145 4433 1276 4492 nexus
1324 4412 1458 4520 gratia
1503 4403 1761 4514 afferuntur,
1793 4411 1839 4496 in
1884 4407 1947 4494 in·

668 4529 804 4618 dicein
834 4537 983 4646 recepi.
1032 4526 1256 4621 Caeterum
1290 4563 1340 4620 ea
1374 4563 1462 4621 non
1508 4516 1769 4648 promiscue,
1799 4532 1941 4623 seeun-

666 4658 770 4748 dum
803 4661 1044 4749 Tomorum
1075 4687 1115 4749 et
1148 4665 1415 4777 Paginatonr,
1448 4659 1517 4752 sed
1550 4669 1782 4781 Temporis
1797 4691 1941 4778 potios

663 4789 851 4958 ordinem
883 4791 1190 4913 collocaui5vt
1205 4798 1324 4914 ,qui
1354 4821 1393 4883 e
1422 4823 1462 4884 e.
1486 4821 1597 4914 quae
1627 4794 1680 4884 de
1718 4791 1935 4884 Thersan-

1816 4927 1944 5018 nica»
