4592 6400
735 898 1210 999 PRAEFATIO.
1571 906 1617 1000 V
1753 925 1757 937 ⁴

335 1158 500 1271 addidi,
534 1168 576 1253 in
610 1189 662 1251 eo
693 1168 836 1279 peritis
867 1188 908 1251 et
933 1164 1118 1253 studiofis
1137 1163 1287 1253 harum
1306 1190 1447 1253 rerum
1464 1162 1616 1257 Lesbo

334 1280 455 1380 ribus
489 1300 590 1411 quin
619 1302 790 1409 gratum
823 1288 1013 1401 fecerim,
1039 1294 1179 1381 nullus
1197 1295 1356 1383 dubito.
1391 1296 1636 1387 Caeterum.

331 1422 476 1543 squis
508 1431 549 1513 in
585 1427 824 1537 Varangieis
858 1423 909 1511 de
945 1425 1105 1537 populo
1139 1427 1349 1541 Varagico
1381 1430 1424 1528 in
1447 1424 1612 1516 historia

333 1549 660 1667 septemtrionali
723 1550 1033 1643 celebratiffimo
1079 1550 1118 1641 se
1163 1584 1276 1642 certa
1325 1545 1532 1669 quaedam
1570 1580 1613 1644 et

322 1684 459 1796 plane
494 1712 605 1772 noua
636 1688 904 1771 inuenturum
938 1678 1101 1795 sperat,
1135 1685 1317 1771 multum
1348 1676 1517 1771 fallitur.
1550 1690 1614 1771 ni·

331 1810 391 1903 bil
425 1814 533 1899 enim
569 1810 658 1901 fere
689 1817 934 1917 continent,
969 1838 1099 1927 quarn
1130 1840 1238 1927 quae
1268 1816 1502 1925 Scriptoree
1536 1814 1610 1928 By-

322 1946 489 2035 .zaotini
522 1942 574 2031 de
605 1944 838 2055 VarangiS,
872 1968 917 2029 vt
952 1946 1140 2055 corporis
1173 1948 1475 2055 imperatorum
1497 1942 1606 2059 Con·

331 2072 792 2185 stantinopolitanorum
823 2068 1083 2177 custodibuS,
1121 2071 1299 2157 tradunt.
1337 2072 1404 2157 hic
1437 2070 1606 2186 quidem

322 2194 599 2291 ‚summarium
631 2198 845 2314 praemisi,
877 2224 922 2286 vt
954 2198 1141 2307 Lestor,
1174 2201 1276 2317 quid
1290 2206 1334 2287 in
1364 2203 1607 2315 Varangicis
1667 2259 1672 2265 -

322 2325 568 2442 exspesia're
598 2332 747 2442 possit,
789 2326 890 2444 quid
935 2324 1084 2417 frustra
1123 2356 1325 2445 quaerat,
1367 2358 1453 2417 vno
1495 2330 1608 2445 quast

325 2460 477 2544 intuitu
515 2454 741 2571 perspiciat.
762 2460 996 2571 Varangica
1012 2484 1134 2567 veru,
1153 2486 1425 2574 quaecunque
1442 2458 1611 2547 tandem

324 2586 396 2673 illa
430 2584 611 2692 fuerint,
646 2592 688 2673 in
721 2590 968 2692 Memoriis,
1001 2614 1107 2701 quae
1152 2588 1363 2675 historiam
1406 2590 1606 2675 Ruilicam

323 2716 527 2803 illustrare
564 2714 746 2821 debent,
783 2716 904 2830 plane
944 2722 1162 2823 omittere,
1205 2718 1417 2831 piaculum
1459 2712 1602 2805 fuisset.
1638 2767 1641 2774 ·

324 2838 562 2933 Nemitzica
592 2844 661 2931 etsr
693 2842 803 2957 forte
832 2843 965 2973 multo
1000 2845 1135 2932 adhuc
1167 2852 1299 2961 magis
1324 2846 1602 2959 abeiiepote-
1691 2886 1695 2893 ·

295 3000 439 3090 ,.rant;
473 3002 618 3062 tamen
644 2994 752 3061 cum·
772 3002 859 3062 non
893 2973 998 3061 ade'o
1031 2974 1162 3062 muita
1196 2976 1296 3081 fint,
1329 3005 1500 3065 etcum
1521 2980 1602 3063 Va·

323 3108 505 3218 rangicis
550 3103 863 3221 quodammodo
895 3103 1150 3212 coniunbia,
1183 3134 1230 3191 ea
1262 3134 1433 3223 quoque
1467 3102 1602 3193 visum

324 3234 386 3320 est
419 3235 582 3322 addere.
615 3237 674 3322 Vt
705 3261 806 3322 vero
841 3233 895 3320 ad
927 3233 998 3338 id,
1030 3235 1148 3348 quod
1181 3239 1223 3320 in
1254 3237 1331 3321 hac
1361 3265 1409 3320 re
1438 3231 1602 3322 fortasse

324 3360 501 3476 aliquio,
533 3369 623 3451 iure
651 3359 805 3468 nescio,
839 3389 893 3448 an
922 3365 1089 3466 iniuria,
1122 3365 1242 3474 poffit
1280 3361 1602 3477 reprehendere,

225 3485 232 3508 ‘
323 3489 512 3580 uniuerse
542 3489 843 3606 respondeam,
878 3517 946 3576 me
979 3495 1019 3576 in
1052 3519 1099 3576 ea
1133 3492 1210 3577 esse
1249 3492 1403 3580 haeresi
1433 3489 1600 3600 fateor,

205 3685 212 3696 .
325 3644 465 3734 quae,
509 3621 758 3709 collesianea
813 3619 1015 3708 eiusmodi
1064 3619 1255 3708 historica
1301 3628 1423 3736 copia
1472 3649 1600 3736 quam

322 3745 493 3838 desestu
528 3779 723 3865 peccare,
758 3745 879 3836 satius
915 3748 1151 3836 arbitratur.
1184 3744 1391 3865 Scythico,
1431 3747 1599 3837 Sarma·
1705 3829 1715 3840 .

324 3876 406 3966 tica
439 3905 480 3966 et
512 3875 779 3996 Maffiagett'ta
816 3883 969 3992 partim
998 3885 1247 3995 antiquiora,
1276 3886 1425 3993 partim
1444 3885 1600 3966 incerta

324 4005 377 4095 de
413 4011 582 4124 populis
618 4006 853 4096 borealibus
887 4013 1109 4096 continent.
1144 4009 1186 4094 ln
1219 4011 1370 4124 quibus
1401 4011 1488 4096 fieri
1508 4033 1598 4120 pot·

325 4140 414 4244 est,
447 4164 523 4246 vt,
559 4143 629 4255 qui
664 4167 731 4225 me
765 4165 940 4226 cernunt
981 4143 1170 4243 acutius,
1205 4167 1292 4226 non
1324 4167 1456 4252 pauca
1487 4143 1600 4224 inue-

323 4271 468 4375 niant,
503 4295 608 4384 quae
642 4267 694 4373 ad
731 4267 914 4382 populos
949 4269 1029 4356 alio
1072 4293 1115 4354 et
1155 4263 1229 4377 suo
1270 4274 1435 4355 nomine
1474 4293 1598 4354 notos

321 4396 400 4485 srnt
432 4391 661 4486 reserenda.
693 4397 818 4484 lidem
848 4423 1010 4504 tamen,
1044 4395 1113 4484 nifi
1145 4401 1369 4511 iniquiores
1387 4397 1461 4484 eise
1480 4396 1598 4486 volu·

323 4532 463 4633 erint,
499 4555 586 4634 me,
621 4553 727 4642 quae
771 4555 896 4643 quem
940 4527 991 4614 ad
1039 4527 1248 4641 populum
1289 4521 1487 4612 referrem
1527 4554 1596 4611 ne·

320 4653 525 4764 sciebam,
555 4657 640 4745 huc
672 4658 908 4764 contulisse,
948 4685 1062 4762 non,
1097 4655 1253 4764 credo,
1286 4654 1597 4767 improbabunt.

320 4785 418 4904 Ego
450 4813 562 4878 certe
594 4787 953 5033 ignorantiae)hi(e
986 4781 1236 4906 suspedus,
1275 4811 1404 4903 quam
1443 4788 1596 4891 erroris

843 4995 858 5008 ..
896 4945 907 5008 ε
976 4941 1000 5036 3
1110 4957 1114 4964 ·
1525 4940 1596 5002 au·
