4592 6400
757 879 830 952 nn
866 881 1091 955 renuis.
1493 892 1591 974 ,μμ

282 1081 385 1161 tibus,
412 1099 496 1174 quas
522 1093 606 1151 tunc
629 1049 869 1173 sequebantur,
896 1079 1062 1152 abducere
1092 1093 1128 1152 et
1152 1076 1208 1155 libi
1235 1079 1413 1156 conciliare
1438 1085 1567 1161 annisus

282 1184 340 1261 cll.
397 1187 483 1254 Hoc
508 1206 592 1251 vero
627 1207 703 1254 cnm
730 1207 847 1277 parom
872 1207 910 1252 ex
936 1197 1015 1252 voto
1040 1181 1259 1263 succederet,
1297 1210 1416 1258 eorum
1444 1188 1567 1262 multoe
1674 1237 1679 1251 ,

283 1289 373 1360 circa
396 1309 425 1354 a.
453 1287 491 1352 C.
513 1291 604 1362 '580-
635 1309 654 1352 e
681 1283 792 1380 priscis
820 1281 950 1354 sedibus
979 1286 1101 1354 excitos
1129 1284 1169 1354 ad
1198 1288 1285 1384 ripas
1312 1288 1395 1381 Cyri
1421 1285 1513 1358 fluuii
1529 1293 1565 1366 in

281 1389 351 1463 solo
378 1389 529 1456 Romano
557 1382 741 1454 collocanit.
772 1384 840 1456 Sub
866 1383 956 1456 idem
985 1384 1057 1456 fere
1087 1399 1225 1479 tempus
1253 1391 1450 1462 Tutcornm
1475 1393 1566 1486 prin·

284 1511 368 1588 ceps
397 1485 627 1564 Turranthus,
654 1509 731 1556 cum
760 1485 799 1556 ad
825 1486 932 1583 ipsum
959 1479 1122 1556 veirillent
1148 1486 1249 1576 legati
1274 1485 1417 1572 Tiberii,
1440 1491 1564 1566 Alaun·

283 1615 360 1666 runt
387 1603 522 1680 gentem
548 1613 565 1658 a
590 1585 621 1658 le
647 1583 843 1660 debellatam
870 1583 952 1662 elle.
986 1585 1144 1678 glor'nrtne
1170 1583 1228 1665 ell,

396 1689 518 1766 Bellis,
559 1711 646 1783 quae
679 1691 845 1762 Mauricio
870 1705 906 1760 et
933 1688 1093 1760 Heraclio
1118 1683 1359 1783 imperantibus
1384 1686 1503 1762 Persae
1528 1704 1566 1768 et

284 1793 427 1866 Romani
465 1794 552 1886 inter
576 1787 609 1860 le
634 1789 821 1881 gerebant,
860 1807 1003 1889 vterque
1031 1793 1260 1863 exercitns‘in
1283 1789 1435 1864 Alanittn
1459 1816 1565 1894 pene·

282 1907 394 1967 tinuit.

389 1986 471 2078 Quo
501 2005 658 2086 tempore
693 1989 885 2063 Iustinianus
917 1991 1157 2062 Rhinotmetus
1189 2013 1304 2064 rerum
1330 1985 1562 2065 Constantino·

283 2093 352 2193 poli
381 2096 501 2190 potitus
529 2091 586 2168 ell,
614 2119 641 2162 a.
669 2095 706 2163 C.
733 2101 816 2174 685.
853 2095 969 2164 Alania
997 2117 1076 2162 cum
1107 2092 1296 2183 regionibns
1323 2089 1471 2164 finitimis
1497 2099 1561 2166 Ro·

282 2196 389 2266 manis
429 2190 597 2288 velligalis
635 2188 717 2264 falla
756 2192 815 2265 est.
867 2197 970 2268 Annis
1003 2193 1233 2300 duodeuiginti
1258 2195 1439 2264 into-ienis
1466 2221 1495 2268 a.
1522 2199 1562 2270 C.

282 2317 366 2380 703.
417 2296 524 2373 Alani,
552 2291 668 2390 quibus
696 2309 776 2364 tunc
807 2319 979 2368 renunes
1009 2293 1215 2390 imperabat,
1243 2298 1356 2363 Leone
1380 2293 1558 2390 spathario,
1683 2357 1689 2368 ,

280 2421 382 2492 quem
411 2397 602 2466 lullinlanns
631 2395 697 2463 hoc
722 2394 854 2466 confilio
880 2399 912 2466 in
931 2397 1081 2469 Alaniam
1109 2395 1251 2477 miserat,
1279 2419 1338 2464 eos
1352 2391 1559 2482 sollicitante,

280 2495 415 2588 Aualgit
442 2495 567 2568 bollum
593 2497 793 2574 intulerunt,
818 2522 1000 2594 eorumque
1026 2515 1151 2572 terram
1176 2497 1329 2598 populati
1351 2494 1437 2573 sunt.
1558 2575 1561 2580 ,

388 2597 462 2670 Poll
497 2615 726 2668 trecentorum
762 2613 797 2666 et
829 2603 961 2691 triginta
994 2621 1160 2672 armorum
1186 2599 1227 2667 de
1254 2597 1368 2686 Alanis
1395 2595 1560 2672 filentinm

280 2701 468 2796 Scriptores
498 2702 668 2794 Byznntini
695 2723 721 2768 a.
749 2701 789 2768 C.
824 2723 931 2784 ¹033·
980 2695 1115 2779 illdat,
1159 2691 1364 2786 Attalgowm
1396 2701 1491 2792 tegis'
1513 2701 1561 2771 vi·

280 2799 383 2882 dnae,
412 2801 533 2874 dlnnae
559 2825 685 2892 genere
712 2803 963 2888 meminerunt,
1005 2825 1090 2898 quae
1118 2798 1329 2898 Anacnphen
1355 2816 1469 2872 arcem
1493 2804 1560 2874 Ro·

280 2925 381 2970 mano
420 2913 556 3000 Argyro
596 2900 731 2972 dedidit.
784 2901 851 2972 Sub
891 2897 1108 2978 Constantino
1135 2899 1367 2972 Monomacho
1392 2903 1488 2972 Alani
1519 2905 1557 2977 in

279 3007 431 3074 exercitu
455 3007 605 3079 Romano
631 2999 789 3100 stipendia
816 3021 1035 3092 mernerunt,
1063 3018 1099 3080 et
1122 3005 1307 3100 imperator
1330 3000 1398 3100 ipse
1423 3004 1486 3076 riri
1509 3003 1559 3078 in·

279 3121 334 3176 ner
361 3103 481 3173 Alanos
509 3107 664 3201 principis
693 3100 804 3187 filiam,
834 3129 916 3202 quiae
944 3103 1038 3174 obses
1065 3105 1214 3195 Byzantii
1239 3101 1461 3182 detinebatur,
1487 3111 1558 3176 Au·

280 3200 409 3297 gnllam
432 3208 618 3303 appellauit,
644 3204 697 3276 sed
711 3204 761 3273 illa
777 3206 847 3301 poll
861 3208 932 3275 cius
948 3208 1075 3277 obitum
1090 3202 1129 3274 ad
1141 3202 1312 3301 pristinam
1326 3204 1557 3279 conditionem
1621 3257 1623 3262 -

278 3306 390 3377 redire
431 3304 542 3377 coatla
581 3306 637 3381 ell.
688 3306 811 3397 Viginti
852 3303 954 3377 tribus
997 3305 1111 3403 elapfis
1146 3307 1240 3377 arinis
1265 3300 1416 3381 Micllael
1441 3310 1557 3379 Ducat

277 3410 436 3485 Mariam,
464 3436 501 3477 en
519 3408 700 3481 Alnnorum
729 3430 853 3497 genere
868 3422 986 3483 ortam,
1016 3412 1047 3479 in
1062 3409 1312 3479 matrimonium
1328 3395 1430 3491 duxit,
1457 3428 1555 3505 qaino.

276 3508 395 3583 Alexio
422 3517 444 3584 Ι.
475 3510 650 3581 Cnrlrneno
678 3534 789 3579 rerum
818 3514 936 3604 potito,
965 3510 999 3578 in
1025 3506 1261 3583 monasterium
1287 3506 1420 3581 seccllat.
1470 3514 1559 3589 cee-

272 3626 389 3685 terum
414 3609 472 3683 sub
499 3610 665 3685 Michacle
691 3616 801 3699 Duco,
826 3608 1025 3707 Nicephoro
1050 3613 1236 3686 Bataniato
1261 3610 1377 3685 Alexio
1399 3626 1434 3681 et
1451 3612 1558 3694 Emne

273 3711 375 3783 nnele
405 3717 588 3785 Comnenis
623 3728 659 3785 et
690 3712 804 3787 lsaacio
831 3712 965 3807 Angelo
999 3714 1034 3783 in
1066 3710 1177 3788 castris
1203 3718 1433 3787 Romanorum
1457 3714 1555 3789 nuni

272 3814 469 3887 militarunt.

366 3918 509 3987 .loanne
537 3910 632 3989 Duce
664 3916 822 3985 Romanis
843 3916 1066 4013 imperante,
1105 3916 1190 3985 circo
1218 3938 1246 3985 a.
1274 3916 1313 3985 C.
1346 3934 1450 3989 1222.
1475 3938 1556 3989 cum

227 4022 229 4031 '
273 4016 409 4099 Tatari,
434 4018 527 4089 auitis
555 4020 589 4087 in
616 4017 743 4087 oriente
772 4013 898 4101 sedibus
925 4015 1055 4089 relidis.
1080 4020 1235 4109 regiones
1260 4012 1471 4089 occidentem
1484 4024 1554 4089 veri

272 4114 331 4189 sns
356 4116 430 4191 ficas
456 4117 675 4195 inundarent,
701 4134 738 4189 vt
763 4117 839 4189 alias
867 4134 986 4211 gentes
1014 4117 1202 4217 plurimas,
1229 4118 1401 4189 irretiant
1426 4118 1555 4191 Alanoi

273 4216 491 4313 subegerunt.
547 4210 621 4306 Qui
644 4218 778 4313 quidem
805 4224 1006 4293 Tatnrorum
1036 4218 1148 4317 pollen
1174 4242 1304 4297 morea,
1334 4217 1485 4309 lingnam
1510 4220 1556 4291 vi·

272 4336 401 4417 taeqne
428 4323 592 4394 rationem
620 4320 785 4416 amplexi,
810 4346 931 4395 eorum
957 4322 990 4390 in
1016 4320 1111 4393 bellis
1136 4320 1215 4393 lasti
1243 4317 1430 4395 sonesoeii.
1480 4326 1555 4394 No·

272 4442 349 4511 ga,
385 4428 590 4497 Tatarorum
625 4426 802 4519 princeps.
842 4448 901 4496 eos
933 4425 1226 4518 praetorianorum
1254 4444 1400 4494 numero
1424 4420 1555 4495 habuit.

272 4520 354 4597 1²0st
375 4527 446 4597 eiua
473 4550 556 4599 veto
581 4522 709 4597 obitum
735 4526 805 4617 iugi
832 4530 1038 4597 Tatarorum
1064 4527 1299 4621 impatientes,
1323 4546 1351 4598 a.
1377 4524 1415 4591 C.
1446 4542 1554 4601 tant.

272 4622 394 4717 legatis
419 4626 459 4699 ad
486 4628 738 4705 Andronicum,
776 4624 953 4701 Michaelis
980 4624 1167 4717 Palaeologi
1191 4624 1338 4699 filiurn,l
1358 4614 1476 4697 minis.
1510 4619 1556 4699 se·

271 4722 421 4800 l'tdceim
448 4728 586 4801 millium
613 4752 768 4812 numero,
793 4726 835 4800 ad
859 4732 1027 4804 Romanos
1053 4726 1206 4807 tranfire,
1231 4722 1374 4821 ipfisque
1399 4716 1557 4794 aduersu·

273 4826 317 4921 {1¹
317 4853 436 4911 urens,
476 4833 532 4930 qui
557 4846 641 4905 tone
667 4828 777 4909 Asiana
801 4832 867 4907 nte
893 4826 1087 4911 vallabant.
1122 4826 1304 4905 murman
1325 4844 1450 4901 noune
1473 4842 1556 4919 ope,

325 4926 478 5013 nieme.
507 4931 607 5013 Tora·
633 4927 702 5010 17.
998 4934 1065 5011 Sa
1480 4944 1557 5024 tflnt
