4592 6400
685 854 758 993 ἇς,
1047 981 1062 991 ,
1131 894 1504 979 cnzrcoavn

476 1108 659 1259 wgllld·
681 1204 733 1275 rei
758 1224 880 1299 parurn
904 1197 991 1279 bene
1018 1226 1036 1273 a
1062 1196 1159 1295 noble
1182 1104 1316 1297 gelbis
1344 1120 1481 1296 {iliter
1505 1200 1604 1274 solam
1630 1198 1731 1273 animi
1756 1198 1932 1275 mollitiem
1955 1253 1968 1285 ,

520 1294 571 1347 ΝΟ
595 1284 617 1347 ¹·
682 1328 843 1377 manuum
884 1302 1169 1382 imbecillitatem,
1206 1320 1243 1375 et
1274 1302 1487 1377 confiliorum
1520 1302 1742 1378 stoliditatem.
1793 1308 1966 1405 Fortunae

683 1412 773 1481 enim
800 1402 1064 1491 mutabilitatem,
1090 1402 1353 1486 inconstantiam,
1381 1423 1417 1479 et
1440 1409 1686 1488 temeritatem,
1712 1420 1749 1477 et
1774 1404 1855 1484 alia,
1880 1428 1965 1499 quae

682 1508 781 1582 nobis
815 1507 1053 1579 contumeliose
1079 1505 1281 1589 obiiciebat,
1319 1506 1466 1579 hostibus
1493 1532 1709 1604 nequaquam
1741 1502 1967 1587 adscribebat,

682 1623 842 1705 tanquam
870 1609 962 1681 hisce
988 1609 1028 1679 de
1058 1606 1174 1687 causis,
1211 1608 1462 1684 occafioneita
1487 1607 1616 1691 oblata,
1655 1632 1719 1679 nos
1751 1602 1964 1705 superassent

682 1714 785 1787 Haec
809 1714 920 1807 itaque
946 1709 1001 1781 ille
1028 1708 1261 1805 proclamabat,
1287 1730 1323 1785 et
1347 1702 1552 1803 fignificabat
1576 1734 1645 1780 non
1669 1708 1774 1781 solum
1796 1708 1969 1781 Persarum

684 1811 910 1901 citercitibus‚
949 1809 1070 1907 quibus
1095 1813 1230 1908 quidem
1253 1813 1310 1884 ille
1341 1816 1442 1884 etiam
1469 1809 1593 1903 fingou
1619 1824 1655 1881 et
1680 1807 1893 1885 elaborabat,
1931 1824 1969 1880 et

682 1912 899 2015 perficiebat3
940 1911 993 1991 sed
1033 1918 1144 1985 nuncii
1183 1911 1287 1983 statim
1327 1914 1367 1985 ab
1402 1914 1471 2012 ipso
1499 1908 1602 1984 emiffi
1629 1910 1661 1981 id
1686 1910 1905 2008 perferebant
1928 1910 1965 2017 in

684 2015 840 2093 lberiam,
865 2018 899 2085 in
925 2012 1068 2091 Alanos,
1096 2014 1298 2085 Susanorum
1329 2017 1467 2094 nationi,
1492 2012 1640 2085 barbaris
1669 2012 1754 2083 vltra
1782 2002 1966 2089 Caucasum

683 2114 927 2195 babitantibus.
957 2118 1079 2213 quique
1105 2116 1190 2187 vltr‘a
1216 2116 1278 2186 bos
1305 2117 1337 2187 dr
1364 2118 1415 2188 his
1442 2113 1517 2215 ipsa
1546 2114 1654 2186 adhuc
1679 2104 1754 2185 sunt
1777 2113 1985 2197 ulteriores,-

681 2216 807 2290 ‘etad
833 2240 978 2297 omnes,
1015 2214 1038 2285 sr
1067 2217 1150 2289 obiri
1185 2212 1387 2317 potuissent,
1422 2216 1515 2289 orbis
1541 2231 1706 2288 terrarum
1732 2216 1964 2289 extremitates

682 2322 817 2393 mittere
840 2342 909 2390 non
931 2316 1099 2390 dellitilset
1124 2316 1177 2391 Γ).
1229 2323 1357 2391 Nuncii
1383 2319 1508 2391 summa
1533 2318 1619 2389 baec
1637 2332 1723 2389 erat:
1752 2320 1891 2387 Romani
1903 2318 1964 2386 im·

681 2418 805 2513 belles,
840 2434 876 2492 et
903 2444 921 2489 a
945 2416 1090 2492 barbaris
1112 2414 1321 2517 superantur.
1370 2429 1484 2517 Atque
1511 2419 1560 2491 laia
1586 2418 1723 2516 quidem
1748 2416 1905 2491 omnibus
1930 2419 1966 2489 in

682 2520 784 2595 re'bus
811 2516 956 2593 studium
983 2520 1039 2591 ille
1064 2521 1158 2595 suum
1179 2517 1380 2613 collocabat,
1406 2548 1474 2593 non
1500 2522 1605 2595 solum
1630 2537 1667 2593 rt
1691 2519 1877 2603 uniuersam
1901 2522 1967 2591 Ro·
2044 2570 2047 2574 -

683 2646 864 2697 manorum
890 2623 1061 2695 nationem
1086 2624 1292 2695 contumelia
1317 2618 1464 2695 afficeret
1487 2626 1629 2713 (tamen
1655 2618 1757 2694 etiam
1782 2623 1965 2713 bocgraua

684 2718 777 2807 esset,
804 2742 840 2796 et
864 2722 960 2795 valde
988 2720 1197 2799 manifestum
1223 2721 1347 2825 hollilis
1371 2726 1475 2797 animi
1496 2725 1778 2819 argumentum),
1805 2722 1891 2797 aliud
1910 2746 1967 2795 re·

684 2848 725 2900 ro
752 2823 911 2925 quiddam
937 2822 1039 2919 longe
1066 2828 1171 2899 maius
1197 2826 1264 2899 hoc
1287 2825 1436 2905 suberat,
1470 2828 1505 2897 in
1531 2851 1598 2925 quo
1627 2829 1809 2923 praecipue
1835 2822 1961 2895 labora·

686 2928 765 3007 bat,
791 2943 828 2999 et
852 2925 1112 3000 machinabatur.
1165 2932 1374 3027 Opinionem
1399 2932 1512 3011 enim,
1546 2950 1633 3025 quae
1659 2924 1702 2997 de
1728 2930 1873 3001 marimo
1899 2929 1966 2997 im·

685 3042 845 3131 peratore
871 3032 1022 3103 omnium
1048 3030 1267 3105 barbarorum
1291 3036 1422 3103 animos
1448 3044 1651 3130 occuparat,
1685 3026 1776 3125 quod
1805 3030 1964 3101 nimirum

684 3126 927 3232 potentiffimus
955 3128 1061 3220 esset,
1099 3134 1352 3230 innumerisque
1377 3132 1524 3230 tropaeis
1549 3132 1679 3210 clarus,
1715 3128 1983 3224 infringendam·

681 3233 740 3308 fibi
766 3257 806 3303 ex
833 3247 929 3331 parte
955 3231 1112 3334 putabat,
1136 3251 1175 3309 vt
1196 3233 1243 3307 src
1264 3235 1350 3316 illos,
1374 3241 1505 3307 terrore
1533 3231 1819 3339 admirationeque
1845 3238 1964 3304 Roma·

634 3355 639 3364 ·
682 3337 888 3412 ninominis
915 3353 1170 3435 anacamptos,
1205 3333 1416 3410 audentiores
1441 3332 1772 3434 confidentioresque
1797 3329 1962 3407 redderet.

684 3441 784 3514 Num
810 3439 912 3530 igitur
938 3436 1050 3516 hostis,
1077 3439 1136 3535 qui
1158 3437 1235 3512 talla
1259 3438 1350 3516 facie
1377 3442 1449 3510 iure
1474 3451 1629 3530 vocetur,
1653 3458 1694 3508 an
1708 3438 1818 3536 potius
1835 3437 1963 3509 amicus
2094 3499 2098 3503 ,

686 3553 724 3612 ct
748 3537 953 3620 beneuolns,
978 3553 1015 3609 et
1038 3561 1109 3622 rer,
1134 3555 1172 3610 et
1195 3536 1469 3615 confoederatae,
1494 3545 1576 3612 ‘aut
1602 3538 1856 3637 quibuscunque
1881 3559 1964 3612 eum

531 3675 542 3684 ·
684 3635 893 3714 'accusatores
918 3639 1024 3710 titulis
1049 3654 1173 3712 ornant
1195 3638 1256 3707 sl?
1282 3638 1412 3714 tametfi
1437 3653 1476 3713 vt
1500 3646 1644 3741 utrisque
1654 3643 1880 3714 communiter
1893 3638 1963 3711 boc
2050 3722 2053 3737 Ι

683 3741 789 3818 detur,
815 3763 883 3812 non
909 3742 1000 3812 aliter
1025 3737 1257 3817 discemendua
1285 3739 1333 3813 est
1357 3743 1484 3815 amicus
1511 3742 1553 3816 ab
1577 3740 1685 3825 holle,
1709 3764 1809 3841 qoam
1835 3739 1964 3814 exsulo

685 3839 905 4018 iongidentium
930 3863 1042 3920 rerum
1075 3857 1247 3928 euentus
1264 3858 1300 3917 et
1324 3869 1365 3916 ex
1386 3843 1480 3920 bona
1503 3841 1637 3920 lonaffia
1663 3861 1722 3918 aut
1745 3843 1835 3918 mala
1859 3841 1963 3916 animi

733 3945 914 4031 rdione„.
1034 3971 1044 3991 ·

712 4052 717 4079 ²
794 4093 818 4132 ‚,
832 4050 923 4119 Cum
948 4047 1059 4143 itaque
1084 4041 1264 4146 probatum
1288 4041 1330 4120 tit
1354 4047 1456 4130 ctiam
1482 4053 1583 4131 nunc,
1609 4043 1701 4147 quod
1722 4043 1877 4124 Gubaata
1901 4065 1964 4118 no·
2103 4077 2107 4085 ·

689 4141 741 4220 bia
766 4149 899 4222 uonna
924 4150 1035 4246 potitis
1061 4147 1213 4238 dolebat3
1237 4146 1264 4222 fi
1285 4148 1366 4246 quid
1389 4173 1473 4221 uero
1497 4147 1611 4222 finillri
1634 4145 1744 4222 nostra
1768 4148 1963 4248 eulpaeua·

687 4241 797 4340 nisset,
825 4247 1006 4344 gaudebat:
1035 4251 1114 4348 quid
1139 4253 1239 4344 igitur
1262 4252 1420 4322 Romania
1447 4251 1575 4348 legibus
1599 4252 1788 4324 occlamant
1810 4247 1963 4330 barbari,

688 4347 730 4422 a'r
756 4373 897 4452 quarum
922 4351 1124 4456 praescripto
1150 4355 1273 4453 punire
1297 4352 1460 4440 solemur,
1494 4371 1569 4442 aut,
1596 4351 1630 4429 fi,
1644 4378 1702 4430 rea
1727 4355 1773 4428 ita
1795 4348 1966 4454 pullulet,

1858 4455 1964 4533 etiam
2056 4521 2066 4526 ,

737 4651 783 4747 r)
819 4665 894 4736 roae
938 4659 1102 4751 ἔχοιτωις
1143 4653 1303 4737 ἅπασαι
1404 4661 1443 4756 s)
1456 4687 1526 4759 aas
1561 4656 1632 4740 ὅσα
1655 4662 1732 4738 rora
1754 4682 1969 4758 memorata·

690 4775 758 4838 ης
787 4782 878 4850 γης,
915 4765 1014 4859 εἶπές
1045 4755 1144 4863 dorp
1175 4788 1316 4862 arcena
1349 4753 1422 4838 aleo
1466 4790 1520 4870 ap
1574 4789 1731 4868 ruqarrp
1769 4756 1969 4862 κεκομψευ·

688 4859 874 5039 ἔπη,
908 4888 1008 4943 rara
1034 4888 1079 4964 γε
1104 4887 1214 4965 W
1238 4859 1300 4944 oda
1349 4887 1422 4958 aar.
1550 4982 1554 4987 ἢ
