4592 6400
1588 773 1620 812 ἢ

731 931 733 943 “
772 943 849 1022 254
1198 907 1637 994 ALANICORVM

616 1127 698 1214 Imp.
1226 1141 1257 1194 a.
1281 1121 1325 1194 C.
1354 1113 1600 1204 107351078.

562 1227 748 1373 mffiff'n
771 1269 915 1368 ignari‚-
940 1265 1020 1368 quid
1044 1293 1097 1342 rea
1126 1268 1216 1345 esset.
1267 1275 1384 1345 Stante
1411 1266 1581 1352 Arrbate,
1617 1293 1656 1342 ac
1686 1262 1793 1340 breue
1819 1262 1925 1338 telum
1952 1287 2056 1338 manu

682 1433 688 1454 .
774 1393 927 1451 tenente,
955 1399 1021 1468 quo
1047 1371 1202 1446 audacter
1227 1373 1299 1446 vsua
1324 1373 1358 1440 iu
1383 1373 1531 1468 primum
1556 1375 1702 1467 equitem
1728 1372 1911 1442 irruentem
1939 1387 2058 1440 contra

775 1501 856 1548 eum
883 1472 1019 1572 pestore
1045 1475 1239 1546 transsirum
1265 1501 1304 1546 ex
1332 1497 1419 1570 equo
1445 1471 1566 1544 deiicit.
1618 1475 1687 1543 Hic
1713 1469 1829 1566 aliquis
1857 1472 1955 1542 Asani
1980 1471 2059 1542 der·

774 1594 882 1666 teram
914 1577 1019 1646 iacuso
1052 1577 1180 1648 traiicit
1232 1583 1279 1648 At
1303 1572 1357 1645 isse
1385 1576 1612 1668 caurcium
1637 1571 1777 1643 vulnere
1801 1571 1905 1644 tesum
1929 1574 1964 1642 in
1993 1597 2053 1642 au·

775 1680 903 1750 (sorem
938 1679 1067 1753 reiicit,
1107 1695 1143 1748 et
1176 1676 1358 1750 barbarum
1385 1675 1599 1750 iacusatorem
1625 1671 1679 1744 sua
1704 1673 1800 1770 ipsus
1828 1671 1986 1772 cuspide,
2022 1686 2061 1744 rt

776 1779 922 1852 Brandas
961 1779 1065 1858 olim,
1104 1779 1266 1870 generose
1299 1783 1385 1848 vstus
1418 1773 1474 1847 est.
1529 1781 1594 1849 His
1618 1779 1856 1874 experimentis
1883 1775 2060 1873 perspetsa

776 1885 839 1954 viri
874 1880 1064 1972 fortitudine
1099 1882 1236 1976 pausum
1273 1877 1313 1950 ab
1341 1903 1384 1947 eo
1408 1874 1627 1950 recesserunt.
1679 1883 1725 1950 At
1750 1882 1776 1946 is
1803 1879 2058 1974 opportunitate

776 1981 886 2054 oblata
912 1981 1025 2052 secure
1050 1982 1120 2052 rsus
1147 1985 1182 2052 in
1207 1980 1441 2054 domunculam
1466 1982 1553 2053 sorte
1579 1985 1765 2079 proximam
1790 1979 1997 2070 conscendit,
2023 1996 2061 2052 et

773 2073 854 2178 ¹inde
896 2083 970 2152 loco
1009 2081 1158 2179 superior
1191 2087 1325 2154 certiori
1362 2080 1558 2154 iaculatione
1585 2087 1721 2153 Turcos
1755 2079 1943 2156 infestabat.
1992 2083 2060 2154 Asis

725 2271 727 2274 ¹
776 2187 844 2258 iam
870 2187 1003 2252 interim
1029 2187 1062 2254 iu
1091 2182 1249 2278 angustias
1282 2179 1458 2256 euaserant
1507 2208 1609 2281 quare
1648 2182 1780 2262 Turci,
1818 2181 1887 2253 hoc
1923 2184 2061 2269 omisso,

775 2287 911 2384 impetu
952 2285 1145 2357 vehementi
1184 2289 1217 2356 in
1254 2307 1313 2355 eos
1354 2285 1536 2358 irruerunt.
1584 2281 1651 2355 Sed
1678 2291 1874 2358 Comnenus
1901 2284 2059 2368 Aietius,

776 2384 919 2457 obuerso
945 2387 979 2454 in
1007 2413 1064 2456 eos
1093 2387 1197 2468 vustu,
1222 2413 1302 2458 cim
1326 2386 1536 2457 familiarium
1562 2389 1677 2484 paucis
1698 2387 1826 2485 primus
1846 2389 2056 2462 eriisrnum

777 2485 916 2569 deiecit,
946 2503 981 2557 et
1004 2486 1203 2574 Chascnrea,
1235 2494 1327 2562 cuius
1354 2485 1457 2558 modo
1483 2491 1716 2565 meminimus,
1740 2487 1897 2578 fugientis
1923 2487 2060 2564 asterius

778 2602 872 2680 terga
899 2586 1050 2662 constit.
1104 2593 1198 2662 Hinc
1223 2615 1347 2684 magno
1371 2605 1540 2688 concepto
1568 2609 1662 2662 metu
1688 2588 1757 2660 dm
1770 2591 1819 2658 slis
1846 2585 1921 2686 ipsis
1947 2593 2060 2664 Turci

776 2685 991 2764 recedebant.
1022 2688 1136 2762 Nostri
1163 2717 1244 2761 vero
1271 2693 1472 2789 aliquantum
1499 2688 1669 2787 progreffi‚
1694 2692 1879 2760 desilientes
1899 2715 1942 2758 ex
1961 2697 2059 2787 equis

776 2789 812 2860 in
852 2791 926 2860 soco
965 2805 1080 2862 natura
1100 2810 1244 2864 ,munito
1278 2794 1533 2866 tabernaculum
1562 2793 1680 2886 figunt.
1701 2815 1705 2824 ’
1729 2816 1839 2890 eoque
1864 2792 1931 2864 iarn
1956 2789 2059 2868 nosse

748 2881 966 3005 sugerente,
990 2896 1049 2988 ‘lui
1073 2891 1286 2968 easccuderat
1310 2919 1412 2995 equo,
1440 2897 1563 2968 Alanus
1590 2892 1655 2966 sese
1680 2893 1782 2966 sasuua
1804 2897 1947 2992 recepit.

1343 3101 1380 3191 s·
1429 3118 1491 3183 40·

883 3256 998 3341 [erar
1025 3254 1198 3336 Vrsesium,
1223 3262 1279 3355 qus
1305 3282 1385 3331 eum
1410 3260 1546 3331 Francis
1574 3260 1793 3331 mercenariis
1819 3258 1986 3356 aliquanto
2004 3282 2063 3330 an·

777 3361 814 3421 so
840 3346 881 3421 ab
907 3356 1110 3450 imperatore
1136 3358 1325 3443 defecerat,
1361 3368 1512 3435 Ponticas
1541 3364 1688 3433 ciuitates
1714 3360 1854 3451 vasi-uri]
1882 3365 2065 3453 cognouis-

776 3448 829 3522 set·
851 3454 1033 3549 imperator
1055 3460 1216 3536 Michaess
1242 3463 1472 3559 Palaeosogum
1489 3462 1722 3559 Nicephorum
1751 3462 1792 3533 ad
1817 3466 2064 3557 imperatorem

655 3550 661 3569 '
777 3552 915 3623 nsaniae
946 3555 1060 3649 mist,
1099 3559 1273 3631 duum-um
1307 3560 1553 3660 stipendiarium
1586 3568 1780 3641 exercitum.
1833 3569 1958 3661 quien
1986 3591 2068 3653 pro·
2155 3569 2156 3620 ἓ

776 3650 907 3729 sessus,
945 3656 1206 3756 conscriptisque
1233 3664 1336 3756 copiis
1365 3667 1499 3737 circiter
1524 3664 1578 3735 ser
1600 3668 1760 3751 messium,
1794 3672 1828 3739 in
1856 3674 1999 3737 Pontum
2027 3667 2063 3739 se

755 3754 928 3829 'enutrisse
956 3772 993 3826 et
1018 3761 1166 3854 impetus
1193 3761 1307 3833 Vrselii
1335 3770 1519 3859 reprimere
1545 3769 1736 3839 conabatur.
1789 3774 1917 3839 Verum
1944 3766 2066 3839 essarris

776 3854 966 3951 petentibus
993 3858 1187 3953 promissum
1213 3862 1431 3958 stipendium,
1460 3892 1537 3941 cum
1565 3894 1633 3939 non
1660 3866 1817 3945 haberet,
1841 3868 1928 3938 vnde
1956 3868 2066 3940 sesne·

777 3963 843 4030 ret,
871 3957 1094 4033 necessarium
1117 3964 1286 4036 confilium
1311 3966 1454 4068 suscrpit
1478 3972 1648 4066 pugnandi
1674 3996 1751 4043 eum
1779 3968 1924 4051 Vrsesio,
1954 3974 2066 4068 prius'·

777 4072 880 4173 apuam
907 4060 1024 4141 Alani,
1050 4064 1138 4156 quod
1166 4067 1392 4150 minabantur,
1423 4096 1483 4141 rec
1499 4070 1630 4143 derent
1684 4082 1729 4145 At
1749 4074 1799 4153 ¹isli
1823 4074 2058 4144 vehementius

776 4151 964 4238 mssabant,
996 4176 1033 4233 vt
1057 4162 1114 4233 sibi
1140 4170 1441 4265 repraesentaretur
1466 4170 1640 4245 consiituta
1664 4199 1822 4252 mercer,
1863 4173 1952 4271 quod
1978 4199 2059 4246 cum

775 4256 1009 4373 PalaeosoguS,
1039 4270 1182 4358 pecunia
1205 4292 1344 4351 careres,
1372 4273 1488 4370 secere
1513 4274 1693 4371 nequisset,
1722 4276 1838 4351 Alani,
1868 4275 1980 4371 paucis
2006 4302 2063 4347 er.

778 4374 912 4473 septo,
951 4381 1069 4436 omues
1106 4368 1271 4444 abierunt
1320 4374 1409 4447 cum
1435 4376 1571 4473 reliquis
1599 4392 1711 4448 autem
1736 4374 1931 4468 congressus
1960 4376 2057 4447 Vrse-

775 4456 859 4538 stur,
897 4486 985 4553 eor,
1021 4490 1091 4541 non
1114 4475 1228 4571 paucis
1253 4473 1390 4561 occisit,
1415 4476 1522 4563 fodit,
1549 4492 1586 4550 et
1607 4480 1698 4551 varie
1721 4480 1756 4553 in
1781 4482 1877 4553 Ponti
1901 4481 2057 4551 ciuitatea

774 4556 897 4656 sugere
921 4566 1045 4659 coegit.
1375 4611 1382 4623 ·

794 4705 825 4721 ··
1920 4682 1951 4773 5·
1997 4706 2069 4772 u.

817 4896 865 4963 ⁵4
893 4884 936 4954 ss
959 4904 989 4973 r·
1011 4902 1057 4973 ara
1266 4959 1339 4994 ,.
1485 4878 1532 4975 os
1556 4908 1732 4986 erem
1755 4880 1927 4986 &xmo
1952 4840 2057 4963 aaa·

1434 5004 1521 5061 rm.
1636 5004 1696 5025 ..
